Automatically generated by Mendeley 1.8.4
Any changes to this file will be lost if it is regenerated by Mendeley.

@article{Taentzer2004,
author = {Taentzer, Gabriele},
file = {:C$\backslash$:/Skole/Dataingeni\o r/Master/INF399 - Masteroppgave/Sammenligne M2M/AGG Text.pdf:pdf},
journal = {\ldots of Graph Transformations with Industrial Relevance},
pages = {446--453},
title = {{AGG: A graph transformation environment for modeling and validation of software}},
url = {http://link.springer.com/chapter/10.1007/978-3-540-25959-6\_35},
year = {2004}
}
@article{Arendt2010,
author = {Arendt, Thorsten and Biermann, Enrico and Jurack, Stefan},
file = {:C$\backslash$:/Skole/Dataingeni\o r/Master/INF399 - Masteroppgave/Sammenligne M2M/Arendt, Biermann, Jurack - 2010 - Henshin advanced concepts and tools for in-place EMF model transformations.pdf:pdf},
journal = {Model Driven \ldots},
pages = {121--135},
title = {{Henshin: advanced concepts and tools for in-place EMF model transformations}},
url = {http://link.springer.com/chapter/10.1007/978-3-642-16145-2\_9},
year = {2010}
}
