@misc{OMGAdoptedSpecificationptc/03-10-04,
author = {{OMG Adopted Specification ptc/03-10-04}},
keywords = {BEI,BPM,BPMN,CISQ,CORBA,CWM,Certification,Cloud,DDS,IDL,MDA,MOF,Meetings,Middleware,OMG,SOA,Specifications,SysML,Technology,UML,Webcast,XMI,XML},
title = {{The Meta Object Facility (MOF) Core Specification. Version 2.0, OMG}},
howpublished = {\url{http://www.omg.org}},
urldate = {29/04/13}
}
@misc{Henshin,
author = {{The Henshin project}},
howpublished = {\url{http://www.eclipse.org/henshin/}},
urldate = {29/04/13}
}
@misc{Henshin,
author = {{The Henshin project}},
howpublished = {\url{http://www.eclipse.org/henshin/}},
urldate = {29/04/13}
}


