@misc{OMGAdoptedSpecificationptc/03-10-04,
author = {{OMG Adopted Specification ptc/03-10-04}},
keywords = {BEI,BPM,BPMN,CISQ,CORBA,CWM,Certification,Cloud,DDS,IDL,MDA,MOF,Meetings,Middleware,OMG,SOA,Specifications,SysML,Technology,UML,Webcast,XMI,XML},
title = {{The Meta Object Facility (MOF) Core Specification. Version 2.0, OMG}},
howpublished = {\url{http://www.omg.org}},
urldate = {29/04/13}
}
@misc{MOF,
title = {{OMG Meta Object Facility (MOF) Core Specification Version 2.4.1}},
howpublished = {\url{http://www.omg.org/spec/MOF/2.4.1/}},
urldate = {29/04/13}
}

@manual{MOF08,
    author = {{Object Management Group}},
    citeulike-article-id = {1557124},
    citeulike-linkout-0 = {http://www.omg.org/cgi-bin/doc?formal/2006-01-01},
    keywords = {dt, dt-n7, mof, omg},
    posted-at = {2007-08-13 08:54:24},
    priority = {2},
    publisher = {Object Management Group},
    series = {OMG Available Specification},
    title = {{Meta Object Facility (MOF) Core Specification Version 2.4.1}},
    url = {http://www.omg.org/cgi-bin/doc?formal/2006-01-01},
    year = {2011}
}

@Misc{mof09,
        title = {Meta Object Facility {(MOF)} 2.0 Core Specification},
        year = 2003,
        mon = oct,
        note = {Version 2},
        key = {Meta Object Facility},
}

@MANUAL{OMG06MOF,
  title = {{OMG Meta Object Facility (MOF) Core Specification Version 2.4.1}},
  author = {{Object Management Group}},
  month = {August},
  year = {2011},
  note = {\url{http://www.omg.org/cgi-bin/doc?formal/2006-01-01}},
  number = {2.0},
  timestamp = {2009.01.06}
}

@misc{WikiMT,
   author = "Wikipedia",
   title = "Model transformation --- Wikipedia{,} The Free Encyclopedia",
   year = "2013",
   url = "http://en.wikipedia.org/w/index.php?title=Model_transformation&oldid=574249545",
   note = "[Online; accessed 25-October-2013]"
 }

@misc{LOL,
 publisher="Repository for Model-Driven Development (ReMoDD)",
 author="Juan Cadavid",
 organization="INRIA",
 title="OMG Diagram Definition metamodels + OCL well-formedness rules",
 year="2012",
 url="http://www.cs.colostate.edu/remodd/v1/content/omg-diagram-definition-metamodels-ocl-well-formedness-rules",
 note="[Online; accessed 25-October-2013]"
}

@misc{OCL,
title = {{OMG. UML 2.0 OCL Specification, OMG Adopted Specification. Version 2.0}},
howpublished = {\url{http://www.omg.org/spec/OCL/2.0/}},
urldate = {29/04/13}
}
@misc{UML_SPEC,
title = {{OMG Unified Modeling LanguageTM (OMG UML), Infrastructure}},
howpublished = {\url{http://www.omg.org/spec/UML/2.4.1/}},
urldate = {29/04/13}
}
@misc{Henshin,
author = {{The Henshin project}},
howpublished = {\url{http://www.eclipse.org/henshin/}},
urldate = {29/04/13}
}
@misc{AGG,
author = {{AGG: The Attributed Graph Grammar System}},
howpublished = {\url{http://user.cs.tu-berlin.de/~gragra/agg/}},
urldate = {29/04/13}
}
@misc{ATL,
keywords = {atl,domain specific language,dsl,modeling},
author = {{ATL Transformation Language}},
howpublished = {\url{http://www.eclipse.org/atl/}},
urldate = {25/04/13}
}
@misc{Eclipse,
author = {{Eclipse}},
howpublished = {\url{http://www.eclipse.org/}},
urldate = {25/04/13}
}
@misc{XML,
author = {{The World Wide Web Consortium (W3C)}},
howpublished = {\url{http://www.w3.org/standards/xml/}},
urldate = {25/04/13}
}
@misc{ATL,
author = {{The MMT project}},
howpublished = {\url{http://www.eclipse.org/atl/}},
urldate = {25/04/13}
}
@misc{MMT,
author = {{The MMT project}},
howpublished = {\url{http://www.eclipse.org/mmt/}},
urldate = {25/04/13}
}
@misc{EMP,
author = {{The Eclipse Modeling Project}},
howpublished = {\url{http://www.eclipse.org/modeling/}},
urldate = {25/04/13}
}
@misc{QVT,
author = {{Object Management Group}},
howpublished = {\url{http://en.wikipedia.org/wiki/QVT}},
urldate = {25/04/13}
}
@misc{EMFT,
author = {{Eclipse Modeling Framework Technology}},
howpublished = {\url{www.eclipse.org/modeling/emft/}},
urldate = {25/04/13}
}
@misc{OBEO,
author = {{OBEO Model Driven Company}},
howpublished = {\url{http://www.obeo.fr/pages/atl-pro/en}},
urldate = {25/04/13}
}
@misc{ATLANMod,
author = {{The AtlanMod ("Atlantic Modeling") team}},
howpublished = {\url{http://www.emn.fr/z-info/atlanmod/index.php/Main_Page}},
urldate = {25/04/13}
}

@misc{GMT,
author = {{Generative Modeling Technologies}},
howpublished = {\url{http://wiki.eclipse.org/index.php/GMT}},
urldate = {25/04/13}
}
@misc{UML,
author = {{Unified Modeling Language}},
howpublished = {\url{http://www.uml.org/}},
urldate = {25/04/13}
}
@book{JohannSchmidt,
author = {Johann Schmidt},
title = {{Entwicklung eines visuellen Editors zur Steuerung von EMF Modelltransformationen}},
url = {http://www.user.tu-berlin.de/lieske/tfs/projekte/henshin/JohannSchmidt.Bachelor2010.pdf},
year = {2010}
}
@book{AngelineWarning,
author = {Angeline Warning},
title = {{Entwicklung eines visuellen Editors für Anwendungsbedingungen und amalgamierte Regeln zur Flexibilisierung von EMFModelltransformationen}},
url = {http://www.user.tu-berlin.de/lieske/tfs/projekte/henshin/AngelineWarning.Diplom2010.pdf},
year = {2010}
}
@phdthesis{Rutle_thesis,
	author = {Adrian Rutle},
	title = {{Diagram Predicate Framework A Formal Approach to MDE}},
	school = {Department of Informatics, University of Bergen, Norway},
	type = "{PhD} dissertation", 
	year = {2010}
}
@phdthesis{Rossini_thesis,
	author = {Alessandro Rossini},
	title = {{Diagram Predicate Framework meets Model Versioning and Deep Metamodelling}}, 
	school = {Department of Informatics, University of Bergen, Norway},
	type = "{PhD} dissertation", 
	year = {2011}
}

@misc{IBM,
author = {{The International Business Machines Corporation}},
howpublished = {\url{http://www.ibm.com/ibm/us/en/}},
}


@misc{IBMRational,
author = {{IBM Rational Software}},
howpublished = {\url{http://www-01.ibm.com/software/rational/rup/}},
}
@misc{RUPPicture,
author = {{Wikimedia Commons, RUP iterative development illustration}},
howpublished = {\url{http://en.wikipedia.org/wiki/File:Development-iterative.gif}},
}
@misc{Xpand,
author = {{Xpand. Project Web Site. }},
howpublished = {\url{http://wiki.eclipse.org/Xpand.}},
}
@book{OO_UML,
author = {Blaha, Micheal and Rumbaugh, James},
title = {{Object-oriented modeling and design with UML, Second Edition}},
publisher = {Pearson Prentice Hall},
year = {2005}
}


@book{Warmer:2003:OCL:861416,
 author = {Warmer, Jos and Kleppe, Anneke},
 title = {The Object Constraint Language: Getting Your Models Ready for MDA},
 year = {2003},
 isbn = {0321179366},
 edition = {2},
 publisher = {Addison-Wesley Longman Publishing Co., Inc.},
 address = {Boston, MA, USA},
} 
@book{Brambilla:MDSE,
 author = {Brambilla, Marco and Cabot, Jordi and Wimmer, Manuel},
 title = {Model-Driven Software Engineering in Practice},
 year = {2012},
 isbn = {9781608458820},
 publisher = {Morgan and Claypool},
} 
@incollection{Arendt2010,
year={2010},
isbn={978-3-642-16144-5},
booktitle={Model Driven Engineering Languages and Systems},
volume={6394},
series={Lecture Notes in Computer Science},
editor={Petriu, DorinaC. and Rouquette, Nicolas and Haugen, Øystein},
doi={10.1007/978-3-642-16145-2_9},
title={Henshin: Advanced Concepts and Tools for In-Place EMF Model Transformations},
url={http://dx.doi.org/10.1007/978-3-642-16145-2_9},
publisher={Springer Berlin Heidelberg},
author={Arendt, Thorsten and Biermann, Enrico and Jurack, Stefan and Krause, Christian and Taentzer, Gabriele},
pages={121-135}
}
@inproceedings{Bauderon,
  title={A uniform approach to graph rewriting: The pullback approach},
  author={Bauderon, Michel},
  booktitle={Graph-Theoretic Concepts in Computer Science},
  pages={101--115},
  year={1995},
  organization={Springer}
}
@book{Beck1999,
  title={Extreme programming explained: embrace change},
  author={Beck, Kent and Andres, Cynthia},
  year={2004},
  publisher={Addison-Wesley Professional}
}
@article{Brown2008,
  title={Graphs of morphisms of graphs},
  author={Brown, Ronald and Morris, Ifor and Shrimpton, J and Wensley, Christopher D},
  journal={the electronic journal of combinatorics},
  volume={15},
  number={A1},
  pages={1},
  year={2008}
}
@incollection{Corradini2006,
  title={Sesqui-pushout rewriting},
  author={Corradini, Andrea and Heindel, Tobias and Hermann, Frank and K{\"o}nig, Barbara},
  booktitle={Graph Transformations},
  pages={30--45},
  year={2006},
  publisher={Springer}
}
@article{Czarnecki2006,
  title={Feature-based survey of model transformation approaches},
  author={Czarnecki, Krzysztof and Helsen, Simon},
  journal={IBM Systems Journal},
  volume={45},
  number={3},
  pages={621--645},
  year={2006},
  publisher={IBM}
}

@article{Diskin2003,
  title={Variable set semantics for keyed generalized sketches: Formal semantics for object identity and abstract syntax for conceptual modeling},
  author={Diskin, Zinovy and Kadish, Boris},
  journal={Data \& Knowledge Engineering},
  volume={47},
  number={1},
  pages={1--59},
  year={2003},
  publisher={Elsevier}
}
@article{Duval2003,
author = {Duval, Dominique},
title = {Diagrammatic specifications},
journal = {Mathematical Structures in Computer Science},
volume = {13},
issue = {06},
month = {12},
year = {2003},
issn = {1469-8072},
pages = {857--890},
numpages = {34},
doi = {10.1017/S0960129503003979},
URL = {http://journals.cambridge.org/article_S0960129503003979},
publisher={Cambridge Univ Press},
}


@inproceedings{INSPEC:606170,
  title={Graph-grammars: An algebraic approach},
  author={Ehrig, Hartmut and Pfender, Michael and Schneider, Hans J{\"u}rgen},
  booktitle={Switching and Automata Theory, 1973. SWAT'08. IEEE Conference Record of 14th Annual Symposium on},
  pages={167--180},
  year={1973},
  organization={IEEE}
}

@inproceedings{Ehrig1997,
  title={Algebraic Approaches to Graph Transformation-Part II: Single Pushout Approach and Comparison with Double Pushout Approach.},
  author={Ehrig, Hartmut and Heckel, Reiko and Korff, Martin and L{\"o}we, Michael and Ribeiro, Leila and Wagner, Annika and Corradini, Andrea},
  booktitle={Handbook of Graph Grammars},
  pages={247--312},
  year={1997},
  organization={Citeseer}
}

@inproceedings{France2007,
  title={Model-driven development of complex software: A research roadmap},
  author={France, Robert and Rumpe, Bernhard},
  booktitle={2007 Future of Software Engineering},
  pages={37--54},
  year={2007},
  organization={IEEE Computer Society}
}

@article{Jouault2008,
  title={ATL: A model transformation tool},
  author={Jouault, Fr{\'e}d{\'e}ric and Allilaire, Freddy and B{\'e}zivin, Jean and Kurtev, Ivan},
  journal={Science of Computer Programming},
  volume={72},
  number={1},
  pages={31--39},
  year={2008},
  publisher={Elsevier}
}

@article{dvorak2008model,
  title={Model transformation with operational QVT},
  author={Dvorak, Radomil},
  journal={Borland Software Corporation},
  year={2008}
}

@inproceedings{Kent2002,
  title={Model driven engineering},
  author={Kent, Stuart},
  booktitle={Integrated Formal Methods},
  pages={286--298},
  year={2002},
  organization={Springer}
}

@techreport{FODA,
  title={Feature-oriented domain analysis (FODA) feasibility study},
  author={Kang, Kyo C and Cohen, Sholom G and Hess, James A and Novak, William E and Peterson, A Spencer},
  year={1990},
  institution={DTIC Document}
}

@incollection{Lambers2006,
  title={Conflict detection for graph transformation with negative application conditions},
  author={Lambers, Leen and Ehrig, Hartmut and Orejas, Fernando},
  booktitle={Graph Transformations},
  pages={61--76},
  year={2006},
  publisher={Springer}
}

@inproceedings{Loewe1997,
  title={Algebraic Approaches to Graph Transformation-Part I: Basic Concepts and Double Pushout Approach.},
  author={Corradini, Andrea and Montanari, Ugo and Rossi, Francesca and Ehrig, Hartmut and Heckel, Reiko and L{\"o}we, Michael},
  booktitle={Handbook of Graph Grammars},
  pages={163--246},
  year={1997}
}
@article{Mens2006,
  title={A taxonomy of model transformation},
  author={Mens, Tom and Van Gorp, Pieter},
  journal={Electronic Notes in Theoretical Computer Science},
  volume={152},
  pages={125--142},
  year={2006},
  publisher={Elsevier}
}
@inproceedings{Poernomo2006,
  title={The meta-object facility typed},
  author={Poernomo, Iman},
  booktitle={Proceedings of the 2006 ACM symposium on Applied computing},
  pages={1845--1849},
  year={2006},
  organization={ACM}
}
@article{Prieto-Diaz1990,
  title={Domain analysis: an introduction},
  author={Prieto-D{\'\i}az, Rub{\'e}n},
  journal={ACM SIGSOFT Software Engineering Notes},
  volume={15},
  number={2},
  pages={47--54},
  year={1990},
  publisher={ACM}
}
@article{schmidt2006guest,
  title={Guest editor's introduction: Model-driven engineering},
  author={Schmidt, Douglas C},
  journal={Computer},
  volume={39},
  number={2},
  pages={0025--31},
  year={2006},
  publisher={IEEE Computer Society}
}
@book{Schwaber2001,
  title={Agile software development with Scrum},
  author={Schwaber, Ken and Beedle, Mike},
  volume={1},
  year={2002},
  publisher={Prentice Hall Upper Saddle River}
}
@misc{Specification2006,
  title={Object Constraint Language},
  author={Specification, OMG Available},
  year={2006},
  publisher={May}
}
@incollection{Taentzer2004,
  title={{AGG: A Graph Transformation Environment for Modeling and Validation of Software}},
  author={Taentzer, Gabriele},
  booktitle={Applications of Graph Transformations with Industrial Relevance},
  pages={446--453},
  year={2004},
  publisher={Springer}
}
@inproceedings{Wagelaar,
  title={Advanced traceability for ATL},
  author={Yie, Andr{\'e}s and Wagelaar, Dennis},
  booktitle={1st International Workshop on Model Transformation with ATL},
  pages={78--87},
  year={2009}
}
@incollection{Zschaler2010,
  title={Domain-specific metamodelling languages for software language engineering},
  author={Zschaler, Steffen and Kolovos, Dimitrios S and Drivalos, Nikolaos and Paige, Richard F and Rashid, Awais},
  booktitle={Software Language Engineering},
  pages={334--353},
  year={2010},
  publisher={Springer}
}
@masterthesis{Sandven_thesis,
	author = {Anders Sandven},
	title = {{Metamodel based Code Generation in DPF Editor}}, 
	school = {Bergen University College, University of Bergen, Norway}, 
	year = {2012}
}

@masterthesis{Bech_thesis,
	author = {{\O}yvind Bech},
	title = {{DPF Editor, A Multi-Layer Modelling Environment for Diagram Predicate Framework in Eclipse}}, 
	school = {Bergen University College, University of Bergen, Norway}, 
	year = {2011}
}

@book{Dasgupta2006,
    author    = {Dasgupta, Sanjoy and Papadimitriou, Christos and Vazirani, Umesh},
    title     = {Algorithms},
    year      = {2006},
    publisher = "Tata McGraw - Hill Education",
}
@misc{ATL_USERMAN,
author = {ATLAS group Lina and Inria},
title = {{ATL: Atlas Transformation Language, ATL User Manual version 0.7}},
year = {2006},
urldate = {25/04/13}
}
@article{letkeman2005comparing,
  title={{Comparing and merging UML models in IBM Rational Software Architect}},
  author={Letkeman, Kim},
  journal={IBM Rational, July},
  year={2005}
}
@incollection{de2010deep,
  title={{Deep meta-modelling with METADEPTH}},
  author={De Lara, Juan and Guerra, Esther},
  booktitle={Objects, Models, Components, Patterns},
  pages={1--20},
  year={2010},
  publisher={Springer}
}
@article{levendovszky2005systematic,
  title={{A systematic approach to metamodeling environments and model transformation systems in VMTS}},
  author={Levendovszky, Tiham{\'e}r and Lengyel, L{\'a}szl{\'o} and Mezei, Gergely and Charaf, Hassan},
  journal={Electronic Notes in Theoretical Computer Science},
  volume={127},
  number={1},
  pages={65--75},
  year={2005},
  publisher={Elsevier}
}

@article{gitzel2007ontological,
  title={{Ontological extension to the MOF metamodel as a basis for code generation}},
  author={Gitzel, Ralf and Ott, Ingo and Schader, Martin},
  journal={The Computer Journal},
  volume={50},
  number={1},
  pages={93--115},
  year={2007},
  publisher={Br Computer Soc}
}

@article{fowler2005language,
  title={{Language workbenches: The killer-app for domain specific languages}},
  author={Fowler, Martin},
  year={2005}
}
@book{fowler2010domain,
  title={Domain-specific languages},
  author={Fowler, Martin},
  year={2010},
  publisher={Pearson Education}
}
@article{jensen2007coloured,
  title={Coloured Petri Nets and CPN Tools for modelling and validation of concurrent systems},
  author={Jensen, Kurt and Kristensen, Lars Michael and Wells, Lisa},
  journal={International Journal on Software Tools for Technology Transfer},
  volume={9},
  number={3-4},
  pages={213--254},
  year={2007},
  publisher={Springer}
}

@incollection{lambers2006conflict,
  title={Conflict detection for graph transformation with negative application conditions},
  author={Lambers, Leen and Ehrig, Hartmut and Orejas, Fernando},
  booktitle={Graph Transformations},
  pages={61--76},
  year={2006},
  publisher={Springer}
}

@incollection{de2002atom3,
  title={{AToM$^{3}$: A Tool for Multi-formalism and Meta-modelling}},
  author={De Lara, Juan and Vangheluwe, Hans},
  booktitle={Fundamental approaches to software engineering},
  pages={174--188},
  year={2002},
  publisher={Springer}
}

@article{levendovszky2005systematic,
  title={A systematic approach to metamodeling environments and model transformation systems in VMTS},
  author={Levendovszky, Tiham{\'e}r and Lengyel, L{\'a}szl{\'o} and Mezei, Gergely and Charaf, Hassan},
  journal={Electronic Notes in Theoretical Computer Science},
  volume={127},
  number={1},
  pages={65--75},
  year={2005},
  publisher={Elsevier}
}

@incollection{de2010deep,
  title={Deep meta-modelling with METADEPTH},
  author={De Lara, Juan and Guerra, Esther},
  booktitle={Objects, Models, Components, Patterns},
  pages={1--20},
  year={2010},
  publisher={Springer}
}

@inproceedings{ledeczi2001generic,
  title={The generic modeling environment},
  author={Ledeczi, Akos and Maroti, Miklos and Bakay, Arpad and Karsai, Gabor and Garrett, Jason and Thomason, Charles and Nordstrom, Greg and Sprinkle, Jonathan and Volgyesi, Peter},
  booktitle={Workshop on Intelligent Signal Processing, Budapest, Hungary},
  volume={17},
  year={2001}
}

@inproceedings{davis2003gme,
  title={GME: the generic modeling environment},
  author={Davis, James},
  booktitle={Companion of the 18th annual ACM SIGPLAN conference on Object-oriented programming, systems, languages, and applications},
  pages={82--83},
  year={2003},
  organization={ACM}
}

@article{habel1996graph,
  title={Graph grammars with negative application conditions},
  author={Habel, Annegret and Heckel, Reiko and Taentzer, Gabriele},
  journal={Fundamenta Informaticae},
  volume={26},
  number={3},
  pages={287--313},
  year={1996},
  publisher={IOS Press}
}

@article{great2007,
  title={The graph rewriting and transformation language: GReAT},
  author={Balasubramanian, Daniel and Narayanan, Anantha and van Buskirk, Christopher and Karsai, Gabor},
  journal={Electronic Communications of the EASST},
  volume={1},
  year={2007}
}

@inproceedings{viatra2002,
  title={VIATRA-visual automated transformations for formal verification and validation of UML models},
  author={Csert{\'a}n, Gy{\"o}rgy and Huszerl, G{\'a}bor and Majzik, Istv{\'a}n and Pap, Zsigmond and Pataricza, Andr{\'a}s and Varr{\'o}, D{\'a}niel},
  booktitle={Automated Software Engineering, 2002. Proceedings. ASE 2002. 17th IEEE International Conference on},
  pages={267--270},
  year={2002},
  organization={IEEE}
}
