@misc{OMGAdoptedSpecificationptc/03-10-04,
author = {{OMG Adopted Specification ptc/03-10-04}},
keywords = {BEI,BPM,BPMN,CISQ,CORBA,CWM,Certification,Cloud,DDS,IDL,MDA,MOF,Meetings,Middleware,OMG,SOA,Specifications,SysML,Technology,UML,Webcast,XMI,XML},
title = {{The Meta Object Facility (MOF) Core Specification. Version 2.0, OMG}},
howpublished = {\url{http://www.omg.org}},
urldate = {29/04/13}
}
@misc{MOF,
title = {{The Meta Object Facility (MOF) Core Specification. Version 2.0,}},
howpublished = {\url{http://www.omg.org/spec/MOF}},
urldate = {29/04/13}
}
@misc{OCL,
title = {{OMG. UML 2.0 OCL Specification, OMG Adopted Specification. Version 2.0,}},
howpublished = {\url{http://www.omg.org/spec/OCL/2.0/}},
urldate = {29/04/13}
}
@misc{Henshin,
author = {{The Henshin project}},
howpublished = {\url{http://www.eclipse.org/henshin/}},
urldate = {29/04/13}
}
@misc{AGG,
author = {{AGG: The Attributed Graph Grammar System}},
howpublished = {\url{http://user.cs.tu-berlin.de/~gragra/agg/}},
urldate = {29/04/13}
}
@misc{ATL,
keywords = {atl,domain specific language,dsl,modeling},
author = {{ATL Transformation Language}},
howpublished = {\url{http://www.eclipse.org/atl/}},
urldate = {25/04/13}
}
@misc{Eclipse,
author = {{Eclipse}},
howpublished = {\url{http://www.eclipse.org/}},
urldate = {25/04/13}
}
@misc{XML,
author = {{The World Wide Web Consortium (W3C)}},
howpublished = {\url{http://www.w3.org/standards/xml/}},
urldate = {25/04/13}
}
@misc{ATL,
author = {{The MMT project}},
howpublished = {\url{http://www.eclipse.org/atl/}},
urldate = {25/04/13}
}
@misc{MMT,
author = {{The MMT project}},
howpublished = {\url{http://www.eclipse.org/mmt/}},
urldate = {25/04/13}
}
@misc{EMP,
author = {{The Eclipse Modeling Project}},
howpublished = {\url{http://www.eclipse.org/modeling/}},
urldate = {25/04/13}
}
@misc{QVT,
author = {{Object Management Group}},
howpublished = {\url{http://en.wikipedia.org/wiki/QVT}},
urldate = {25/04/13}
}
@misc{EMFT,
author = {{Eclipse Modeling Framework Technology}},
howpublished = {\url{www.eclipse.org/modeling/emft/}},
urldate = {25/04/13}
}
@misc{OBEO,
author = {{OBEO Model Driven Company}},
howpublished = {\url{http://www.obeo.fr/pages/atl-pro/en}},
urldate = {25/04/13}
}
@misc{ATLANMod,
author = {{The AtlanMod ("Atlantic Modeling") team}},
howpublished = {\url{http://www.emn.fr/z-info/atlanmod/index.php/Main_Page}},
urldate = {25/04/13}
}

@misc{GMT,
author = {{Generative Modeling Technologies}},
howpublished = {\url{http://wiki.eclipse.org/index.php/GMT}},
urldate = {25/04/13}
}
@misc{UML,
author = {{Unified Modeling Language}},
howpublished = {\url{http://www.uml.org/}},
urldate = {25/04/13}
}
@book{JohannSchmidt,
author = {Johann Schmidt},
title = {{Entwicklung eines visuellen Editors zur Steuerung von EMF Modelltransformationen}},
url = {http://www.user.tu-berlin.de/lieske/tfs/projekte/henshin/JohannSchmidt.Bachelor2010.pdf},
year = {2010}
}
@book{AngelineWarning,
author = {Angeline Warning},
title = {{Entwicklung eines visuellen Editors f√ºr Anwendungsbedingungen und amalgamierte Regeln zur Flexibilisierung von EMFModelltransformationen}},
url = {http://www.user.tu-berlin.de/lieske/tfs/projekte/henshin/AngelineWarning.Diplom2010.pdf},
year = {2010}
}
@misc{ATL_USERMAN,
author = {ATLAS group Lina and Inria},
title = {ATL: Atlas Transformation Language, ATL User Manual version 0.7},
year = {2006},
urldate = {25/04/13}
}





