  % This file was created with JabRef 2.4.2.
% Encoding: ISO8859_1

@MANUAL{OAW08Manual,
  title = {{Reference Manual}},
  author = {{openArchitectureWare}},
  month = {December},
  year = {2008},
  note = {\url{http://www.openarchitectureware.org/pub/documentation/4.3.1/openArchitectureWare-4.3.1-Reference.pdf}},
  file = {:../literature/OAW08Manual.pdf:},
  number = {4.3.1},
  owner = {aronnax},
  timestamp = {2009.04.28}
}

@INPROCEEDINGS{AckermannPope89,
  author = {Ernest C. Ackermann and William R. Pope},
  title = {{Computer Aided Program Design Experiments: Diagrammatic versus Textual
	Material}},
  booktitle = {SIGCSE 1989: 20$^{st}$ Technical Symposium on Computer Science Education},
  year = {1989},
  pages = {117-121},
  publisher = {ACM},
  doi = {http://doi.acm.org/10.1145/65293.71199},
  file = {:../literature/AckermannPope89.pdf:},
  location = {Louisville, Kentucky, USA},
  owner = {aronnax},
  timestamp = {2009.03.19}
}

@ARTICLE{AinsworthLoizou03,
  author = {Shaaron Ainsworth and Andrea Th. Loizou},
  title = {{The effects of self-explaining when learning with text or diagrams}},
  journal = {Cognitive Science},
  year = {2003},
  volume = {27},
  pages = {669-681},
  number = {4},
  doi = {http://dx.doi.org/10.1016/S0364-0213(03)00033-8},
  file = {:../literature/AinsworthLoizou03.pdf:},
  owner = {aronnax},
  timestamp = {2009.03.19}
}

@INPROCEEDINGS{AlanenPorres05,
  author = {Marcus Alanen and Ivan Porres},
  title = {{Model Interchange Using OMG Standards}},
  booktitle = {EUROMICRO 2005: 31$^{st}$ EUROMICRO Conference on Software Engineering
	and Advanced Applications},
  year = {2005},
  pages = {450-459},
  publisher = {IEEE Computer Society},
  doi = {http://doi.ieeecomputersociety.org/10.1109/EURMIC.2005.40},
  file = {:../literature/AlanenPorres05.pdf:},
  isbn = {0-7695-2431-1},
  location = {Porto, Portugal},
  owner = {aronnax},
  timestamp = {2008.09.12}
}

@INPROCEEDINGS{AlanenPorres03,
  author = {Marcus Alanen and Ivan Porres},
  title = {{Difference and Union of Models}},
  booktitle = {UML 2003: 6$^{th}$ International Conference on The Unified Modeling
	Language, Modeling Languages and Applications},
  year = {2003},
  volume = {2863},
  series = {LNCS},
  pages = {2-17},
  publisher = {Springer},
  ee = {http://www.springerlink.com/content/y13a5qt85f6f1uak/},
  file = {:../literature/AlanenPorres03.pdf:},
  isbn = {3-540-20243-9},
  location = {San Francisco, CA, USA},
  owner = {aronnax},
  timestamp = {2008.10.12}
}

@MANUAL{Alloy,
  title = {{Project Web Site}},
  author = {{Alloy}},
  note = {\url{http://alloy.mit.edu/community/}},
  owner = {aronnax},
  timestamp = {2009.01.16}
}

@MANUAL{AMOR,
  title = {{Project Web Site}},
  author = {{AMOR - Adaptable Model Versioning}},
  note = {\url{http://www.modelversioning.org}},
  owner = {aronnax},
  timestamp = {2009.04.02}
}

@MANUAL{ATLUserGuide,
  title = {{User Guide}},
  author = {{Atlas Transformation Language}},
  note = {\url{http://wiki.eclipse.org/ATL/User_Guide}},
  owner = {aronnax},
  timestamp = {2009.04.28}
}

@INPROCEEDINGS{Baar06,
  author = {Thomas Baar},
  title = {{Correctly Defined Concrete Syntax for Visual Modeling Languages}},
  booktitle = {MoDELS 2006: 9$^{th}$ International Conference on Model Driven Engineering
	Languages and Systems},
  year = {2006},
  editor = {Oscar Nierstrasz and Jon Whittle and David Harel and Gianna Reggio},
  volume = {4199},
  series = {LNCS},
  pages = {111-125},
  publisher = {Springer},
  doi = {http://dx.doi.org/10.1007/11880240_9},
  file = {:../literature/Baar06.pdf:},
  isbn = {3-540-45772-0},
  location = {Genova, Italy},
  owner = {aronnax},
  timestamp = {2009.05.08}
}

@INPROCEEDINGS{BaarMarkovic06,
  author = {Thomas Baar and Slavisa Markovic},
  title = {{A Graphical Approach to Prove the Semantic Preservation of UML/OCL
	Refactoring Rules}},
  booktitle = {PSI 2006: 6$^{th}$ International Andrei Ershov Memorial Conference
	on Perspectives of Systems Informatics},
  year = {2007},
  editor = {Irina Virbitskaite and Andrei Voronkov},
  volume = {4378},
  series = {LNCS},
  pages = {70-83},
  publisher = {Springer},
  doi = {http://dx.doi.org/10.1007/978-3-540-70881-0_9},
  file = {:../literature/BaarMarkovic06.pdf:},
  isbn = {978-3-540-70880-3},
  location = {Novosibirsk, Russia},
  owner = {aronnax},
  timestamp = {2009.05.08}
}

@INPROCEEDINGS{BaarWhittle06,
  author = {Thomas Baar and Jon Whittle},
  title = {{On the Usage of Concrete Syntax in Model Transformation Rules}},
  booktitle = {PSI 2006: 6$^{th}$ International Andrei Ershov Memorial Conference
	on Perspectives of Systems Informatics},
  year = {2007},
  editor = {Irina Virbitskaite and Andrei Voronkov},
  volume = {4378},
  series = {LNCS},
  pages = {84-97},
  publisher = {Springer},
  doi = {http://dx.doi.org/10.1007/978-3-540-70881-0_10},
  file = {:../literature/BaarWhittle06.pdf:},
  isbn = {978-3-540-70880-3},
  location = {Novosibirsk, Russia},
  owner = {aronnax},
  timestamp = {2009.05.08}
}

@INPROCEEDINGS{BaresiHeckel04,
  author = {Luciano Baresi and Reiko Heckel},
  title = {{Tutorial Introduction to Graph Transformation: A Software Engineering
	Perspective}},
  booktitle = {ICGT 2004: 2$^{nd}$ International Conference on Graph Transformations},
  year = {2004},
  volume = {3256},
  series = {LNCS},
  pages = {431-433},
  publisher = {Springer},
  ee = {http://www.springerlink.com/content/n4xtr5y3671ney89/},
  file = {:../literature/BaresiHeckel04.pdf:},
  isbn = {3-540-23207-9},
  location = {Rome, Italy},
  owner = {aronnax},
  timestamp = {2008.10.30}
}

@BOOK{BarrWells95,
  title = {{Category Theory for Computing Science (2$^{nd}$ Edition)}},
  publisher = {Prentice Hall International Ltd.},
  year = {1995},
  author = {Michael Barr and Charles Wells},
  address = {Hertfordshire, UK},
  file = {:../literature/BarrWells95.pdf:},
  isbn = {0-13-323809-1},
  owner = {aronnax},
  timestamp = {2009.01.06}
}

@INPROCEEDINGS{Bernstein03,
  author = {Philip A. Bernstein},
  title = {{Applying Model Management to Classical Meta Data Problems}},
  booktitle = {CIDR},
  year = {2003},
  ee = {http://www-db.cs.wisc.edu/cidr/cidr2003/program/p19.pdf},
  file = {:../literature/Bernstein03.pdf:},
  owner = {aronnax},
  timestamp = {2008.12.15}
}

@ARTICLE{BiermannEhrigKKTW06,
  author = {Enrico Biermann and Karsten Ehrig and Christian K{\"o}hler and G{\"u}nter
	Kuhns and Gabriele Taentzer and Eduard Weiss},
  title = {{EMF Model Refactoring based on Graph Transformation Concepts}},
  journal = {ECEASST},
  year = {2006},
  volume = {3},
  ee = {http://eceasst.cs.tu-berlin.de/index.php/eceasst/article/view/34},
  file = {:../literature/BiermannEhrigKKTW06.pdf:},
  owner = {aronnax},
  timestamp = {2009.05.21}
}

@INPROCEEDINGS{BiermannErmelT08,
  author = {Enrico Biermann and Claudia Ermel and Gabriele Taentzer},
  title = {{Precise Semantics of EMF Model Transformations by Graph Transformation}},
  booktitle = {MoDELS 2008: 11$^{th}$ International Conference on Model Driven Engineering
	Languages and Systems},
  year = {2008},
  editor = {Krzysztof Czarnecki and Ileana Ober and Jean-Michel Bruel and Axel
	Uhl and Markus V{\"o}lter},
  volume = {5301},
  series = {LNCS},
  pages = {53-67},
  publisher = {Springer},
  doi = {http://dx.doi.org/10.1007/978-3-540-87875-9_4},
  file = {:../literature/BiermannErmelT08.pdf:},
  isbn = {978-3-540-87874-2},
  location = {Toulouse, France},
  owner = {aronnax},
  timestamp = {2009.05.08}
}

@TECHREPORT{Bohlen06,
  author = {Matthias Bohlen},
  title = {{QVT and multi metamodel transformations in MDA}},
  year = {2006},
  type = {Technical Report},
  month = {February},
  file = {:../literature/Bohlen06.pdf:},
  owner = {aronnax},
  timestamp = {2009.04.29}
}

@INPROCEEDINGS{BoronatMeseguer08,
  author = {Artur Boronat and Jos{\'e} Meseguer},
  title = {{An Algebraic Semantics for MOF}},
  booktitle = {FASE 2008: 11$^{th}$ International Conference on Fundamental Approaches
	to Software Engineering},
  year = {2008},
  volume = {4961},
  series = {LNCS},
  pages = {377-391},
  publisher = {Springer},
  doi = {http://dx.doi.org/10.1007/978-3-540-78743-3_28},
  file = {:../literature/BoronatMeseguer08.pdf:},
  isbn = {978-3-540-78742-6},
  location = {Budapest, Hungary},
  owner = {aronnax},
  timestamp = {2009.03.19}
}

@INPROCEEDINGS{BoronatOrienteGRC06,
  author = {Artur Boronat and Joaqu\'{\i}n Oriente and Abel G{\'o}mez and Isidro
	Ramos and Jos{\'e} A. Cars\'{\i}},
  title = {{An Algebraic Specification of Generic OCL Queries Within the Eclipse
	Modeling Framework}},
  booktitle = {ECMDA-FA 2006: 2$^{nd}$ European Conference on Model-Driven Architecture
	Foundations and Applications},
  year = {2006},
  volume = {4066},
  series = {LNCS},
  pages = {316-330},
  publisher = {Springer},
  doi = {http://dx.doi.org/10.1007/11787044_24},
  file = {:../literature/BoronatOrienteGRC06.pdf:},
  isbn = {3-540-35909-5},
  location = {Bilbao, Spain},
  owner = {aronnax},
  timestamp = {2009.03.19}
}

@INPROCEEDINGS{BottoniKochPT01,
  author = {Paolo Bottoni and Manuel Koch and Francesco Parisi-Presicce and Gabriele
	Taentzer},
  title = {{A Visualization of OCL Using Collaborations}},
  booktitle = {UML 2001: 4$^{th}$ International Conference on The Unified Modeling
	Language, Modeling Languages and Applications},
  year = {2001},
  volume = {2185},
  series = {LNCS},
  pages = {257-271},
  publisher = {Springer},
  ee = {http://link.springer.de/link/service/series/0558/bibs/2185/21850257.htm},
  file = {:../literature/BottoniKochPT01.pdf:},
  isbn = {3-540-42667-1},
  location = {Toronto, Canada},
  owner = {aronnax},
  timestamp = {2009.03.19}
}

@ARTICLE{BruckerDoserW06,
  author = {Achim D. Brucker and JÃ¼rgen Doser and Burkhart Wolff},
  title = {{Semantic issues of OCL: Past, present, and future}},
  journal = {ECEASST},
  year = {2006},
  volume = {5},
  pages = {213-228},
  file = {:../literature/BruckerDoserW06.pdf:},
  owner = {aronnax},
  timestamp = {2009.01.14}
}

@BOOK{BudinskyMerksS06,
  title = {{EMF: Eclipse Modeling Framework 2.0 (2$^{nd}$ Edition)}},
  publisher = {Addison-Wesley Professional},
  year = {2006},
  author = {Frank Budinsky and Ed Merks and David Steinberg},
  file = {:../literature/BudinskyMerksS06.pdf:},
  isbn = {0321331885},
  owner = {aronnax},
  timestamp = {2008.09.12}
}

@INPROCEEDINGS{CadishDiskin96,
  author = {Boris Cadish and Zinovy Diskin},
  title = {{Heterogeneous View Integration via Sketches and Equations}},
  booktitle = {ISMIS 1996: 9$^{th}$ International Symposium on Foundations of Intelligent
	Systems},
  year = {1996},
  pages = {603-612},
  address = {London, UK},
  publisher = {Springer-Verlag},
  file = {:../literature/CadishDiskin96.pdf:},
  isbn = {3-540-61286-6},
  owner = {adrian},
  timestamp = {2009.01.14}
}

@INPROCEEDINGS{CicchettiDiRuscioP08,
  author = {Antonio Cicchetti and Davide {Di Ruscio} and Alfonso Pierantonio},
  title = {{Managing Model Conflicts in Distributed Development}},
  booktitle = {MoDELS 2008: 11$^{th}$ International Conference on Model Driven Engineering
	Languages and Systems},
  year = {2008},
  editor = {Krzysztof Czarnecki and Ileana Ober and Jean-Michel Bruel and Axel
	Uhl and Markus V{\"o}lter},
  volume = {5301},
  series = {LNCS},
  pages = {311-325},
  address = {Berlin, Heidelberg},
  publisher = {Springer},
  doi = {http://dx.doi.org/10.1007/978-3-540-87875-9\_23},
  file = {:../literature/CicchettiDiRuscioP08.pdf:},
  isbn = {978-3-540-87874-2},
  location = {Toulouse, France},
  owner = {aronnax},
  timestamp = {2009.01.05}
}

@ARTICLE{CicchettiDiRuscioP07,
  author = {Antonio Cicchetti and Davide {Di Ruscio} and Alfonso Pierantonio},
  title = {{A Metamodel Independent Approach to Difference Representation}},
  journal = {Journal of Object Technology},
  year = {2007},
  volume = {6},
  pages = {165-185},
  number = {9, Special Issue on TOOLS Europe 2007},
  month = {October},
  ee = {http://www.jot.fm/issues/issue_2007_10/paper9/index.html},
  file = {:../literature/CicchettiDiRuscioP07.pdf:},
  owner = {aronnax},
  timestamp = {2008.09.12}
}

@INPROCEEDINGS{CicchettiRossini07,
  author = {Antonio Cicchetti and Alessandro Rossini},
  title = {{Weaving Models in Conflict Detection Specifications}},
  booktitle = {SAC 2007: 22$^{nd}$ ACM Symposium on Applied Computing},
  year = {2007},
  pages = {1035-1036},
  publisher = {ACM},
  doi = {http://doi.acm.org/10.1145/1244002.1244227},
  file = {:../literature/CicchettiRossini07.pdf:},
  isbn = {1-59593-480-4},
  location = {Seoul, Korea},
  owner = {aronnax},
  timestamp = {2008.09.12}
}

@BOOK{CollinsFitzpatrickP08,
  title = {{Version Control with Subversion (2$^{nd}$ Edition)}},
  publisher = {O'Reilly Media},
  year = {2008},
  author = {Ben Collins-Sussman and Brian W. Fitzpatrick \& C. Michael Pilato},
  month = {October},
  file = {:../literature/CollinsFitzpatrickP08.pdf:},
  isbn = {0596510330},
  owner = {aronnax},
  timestamp = {2009.03.05}
}

@INPROCEEDINGS{CzarneckiHelsen03,
  author = {Krzysztof Czarnecki and Simon Helsen},
  title = {{Classification of Model Transformation Approaches}},
  booktitle = {OOPSLA 2003: 2$^{nd}$ Workshop on Generative Techniques in the Context
	of MDA},
  year = {2003},
  file = {:../literature/CzarneckiHelsen03.pdf:},
  owner = {aronnax},
  timestamp = {2009.04.29}
}

@INBOOK{Diskin03,
  chapter = {{Mathematics of UML: Making the Odysseys of UML less dramatic}},
  pages = {145-178},
  title = {{Practical foundations of business system specifications}},
  publisher = {Kluwer Academic Publishers},
  year = {2003},
  editor = {Eds. K. Baclawski and H. Kilov},
  author = {Zinovy Diskin},
  file = {:../literature/Diskin03.pdf:},
  owner = {adrian},
  timestamp = {2008.10.02}
}

@INPROCEEDINGS{Diskin02,
  author = {Zinovy Diskin},
  title = {{Visualization vs. Specification in Diagrammatic Notations: A Case
	Study with the UML}},
  booktitle = {Diagrams 2002:2$^{nd}$ International Conference on Diagrammatic Representation
	and Inference},
  year = {2002},
  editor = {Mary Hegarty and Bertrand Meyer and N. Hari Narayanan},
  volume = {2317},
  series = {LNCS},
  pages = {112-115},
  publisher = {Springer},
  ee = {http://www.springerlink.com/content/cqw9j167fnuwl9ak/},
  file = {:../literature/Diskin02.pdf:},
  isbn = {3-540-43561-1},
  location = {Callaway Gardens, GA, USA},
  owner = {aronnax},
  timestamp = {2009.04.29}
}

@INBOOK{Diskin05,
  chapter = {Mathematics of Generic Specifications for Model Management I and
	II},
  pages = {351--366},
  title = {{Encyclopedia of Database Technologies and Applications}},
  publisher = {Information Science Reference},
  year = {2005},
  editor = {Laura Rivero and Jorge Doorn and Viviana Ferraggine},
  author = {Zinovy Diskin},
  file = {:../literature/Diskin05.pdf:},
  owner = {adrian},
  timestamp = {2008.10.02}
}

@TECHREPORT{Diskin06,
  author = {Zinovy Diskin},
  title = {{Model Transformation via Pull-backs: Algebra vs. Heuristics}},
  institution = {School of Computing, Queen's University, Kingston, Canada},
  year = {2006},
  type = {Technical Report},
  number = {521},
  month = {September},
  file = {:../literature/Diskin06.pdf:},
  owner = {aronnax},
  timestamp = {2008.10.12}
}

@TECHREPORT{Diskin97,
  author = {Zinovy Diskin},
  title = {{Generalized sketches as an algebraic graph-based framework for semantic
	modeling and database design}},
  institution = {University of Latvia, Riga, Latvia},
  year = {1997},
  type = {Technical Report},
  number = {9701},
  month = {August},
  file = {:../literature/Diskin97.pdf:},
  owner = {aronnax},
  timestamp = {2009.04.29}
}

@INPROCEEDINGS{DiskinDingel06Models,
  author = {Zinovy Diskin and J{\"u}rgen Dingel},
  title = {{Mappings, Maps and Tables: Towards Formal Semantics for Associations
	in UML2}},
  booktitle = {MoDELS 2006: 9$^{th}$ International Conference on Model Driven Engineering
	Languages and Systems},
  year = {2006},
  editor = {Oscar Nierstrasz and Jon Whittle and David Harel and Gianna Reggio},
  volume = {4199},
  series = {LNCS},
  pages = {230-244},
  publisher = {Springer},
  doi = {http://dx.doi.org/10.1007/11880240_17},
  file = {:../literature/DiskinDingel06Models.pdf:},
  isbn = {3-540-45772-0},
  location = {Genova, Italy},
  owner = {aronnax},
  timestamp = {2009.03.07}
}

@INPROCEEDINGS{DiskinDingel06,
  author = {Zinovy Diskin and J{\"u}rgen Dingel},
  title = {{A metamodel Independent Framework for Model Transformation: Towards
	Generic Model Management Patterns in Reverse Engineering}},
  booktitle = {ATEM 2006: 3$^{rd}$ International Workshop on Metamodels, Schemas,
	Grammars, and Ontologies for Reverse Engineering},
  year = {2006},
  file = {:../literature/DiskinDingel06.pdf:},
  owner = {aronnax},
  timestamp = {2008.10.18}
}

@INPROCEEDINGS{DiskinEasterbrookD08,
  author = {Zinovy Diskin and Steve M. Easterbrook and J{\"u}rgen Dingel},
  title = {{Engineering Associations: From Models to Code and Back through Semantics}},
  booktitle = {TOOLS Europe 2008: 46$^{th}$ International Conference on Objects,
	Components, Models and Patterns},
  year = {2008},
  volume = {11},
  series = {LNBIP},
  pages = {336-355},
  publisher = {Springer},
  doi = {http://dx.doi.org/10.1007/978-3-540-69824-1_19},
  file = {:../literature/DiskinEasterbrookD08.pdf:},
  isbn = {978-3-540-69823-4},
  location = {Zurich, Switzerland},
  owner = {aronnax},
  timestamp = {2009.03.20}
}

@INCOLLECTION{DiskinKadish05,
  author = {Zinovy Diskin and Boris Kadish},
  title = {{Generic Model Management}},
  booktitle = {Encyclopedia of Database Technologies and Applications},
  publisher = {Idea Group},
  year = {2005},
  pages = {258-265},
  file = {:../literature/DiskinKadish05.pdf:},
  isbn = {1-59140-560-2},
  owner = {aronnax},
  timestamp = {2008.10.18}
}

@ARTICLE{DiskinKadish03,
  author = {Zinovy Diskin and Boris Kadish},
  title = {{Variable set semantics for keyed generalized sketches: formal semantics
	for object identity and abstract syntax for conceptual modeling}},
  journal = {Data Knowl. Eng.},
  year = {2003},
  volume = {47},
  pages = {1-59},
  number = {1},
  file = {:../literature/DiskinKadish03.pdf:},
  owner = {aronnax},
  timestamp = {2009.05.01}
}

@INPROCEEDINGS{DiskinWolter08,
  author = {Zinovy Diskin and Uwe Wolter},
  title = {{A Diagrammatic Logic for Object-Oriented Visual Modeling}},
  booktitle = {ACCAT 2007: 2$^{nd}$ Workshop on Applied and Computational Category
	Theory},
  year = {2008},
  volume = {203},
  number = {6},
  series = {ENTCS},
  pages = {19-41},
  address = {Amsterdam, The Netherlands},
  publisher = {Elsevier Science Publishers B. V.},
  doi = {http://dx.doi.org/10.1016/j.entcs.2008.10.041},
  file = {:../literature/DiskinWolter08.pdf:},
  issn = {1571-0661},
  location = {Braga, Portugal},
  owner = {aronnax},
  timestamp = {2009.03.07}
}

@MANUAL{EMF,
  title = {{Project Web Site}},
  author = {{Eclipse Modeling Framework}},
  note = {\url{http://www.eclipse.org/emf/}},
  owner = {aronnax},
  timestamp = {2011.01.22}
}

@MANUAL{draw2d,
  title = {{Project Web Site}},
  author = {{Draw2d}},
  note = {\url{http://www.eclipse.org/gef/draw2d/}},
  owner = {aronnax},
  timestamp = {2011.01.22}
}

@MANUAL{zest,
  title = {{Project Web Site}},
  author = {{Zest}},
  note = {\url{http://www.eclipse.org/gef/zest/}},
  owner = {obe},
  timestamp = {2011.01.22}
}

@MANUAL{Equinox,
  title = {{Project Web Site}},
  author = {{Equinox OSGi}},
  note = {\url{http://www.eclipse.org/equinox/}},
  owner = {aronnax},
  timestamp = {2011.01.22}
}

@MANUAL{FAQ_where_did_eclipse_come_from,
  title = {{FAQ Where did Eclipse come from?}},
  author = {{Eclipse Wiki}},
  note = {\url{http://wiki.eclipse.org/FAQ_Where_did_Eclipse_come_from%3F}},
  owner = {aronax},
  timestamp = {2011.01.21}
}

@MANUAL{GEF,
  title = {{Project Web Site}},
  author = {{Graphical Editing Framework}},
  note = {\url{http://www.eclipse.org/gef/}},
  owner = {aronnax},
  timestamp = {2011.01.20}
}

@MANUAL{GEFs_programmers_guide,
  title = {{GEF Programmer's Guide}},
  author = {{Graphical Editing Framework}},
  note = {\url{http://help.eclipse.org/galileo/index.jsp?topic=/org.eclipse.gef.doc.isv/guide/guide.html}},
  owner = {aronnax},
  timestamp = {2011.01.20}
}

@MANUAL{Draw2d_programmers_guide,
  title = {{Draw2d Programmer's Guide}},
  author = {{Graphical Editing Framework}},
  note = {\url{http://help.eclipse.org/galileo/topic/org.eclipse.draw2d.doc.isv/guide/guide.html}},
  owner = {aronnax},
  timestamp = {2011.01.20}
}

@MANUAL{GMP,
  title = {{Project Web Site}},
  author = {{The Eclipse Graphical Modeling Project}},
  note = {\url{http://www.eclipse.org/modeling/gmp/}},
  owner = {aronnax},
  timestamp = {2011.01.20}
}

@MANUAL{Eclipse,
  title = {{Project Web Site}},
  author = {{Eclipse Platform}},
  note = {\url{http://www.eclipse.org}},
  owner = {aronnax},
  timestamp = {2009.04.28}
}

@INPROCEEDINGS{EhrigEhrigEHT07,
  author = {Hartmut Ehrig and Karsten Ehrig and Claudia Ermel and Frank Hermann
	and Gabriele Taentzer},
  title = {{Information Preserving Bidirectional Model Transformations}},
  booktitle = {FASE 2007: 10$^{th}$ International Conference on Fundamental Approaches
	to Software Engineering},
  year = {2007},
  editor = {Matthew B. Dwyer and Ant{\'o}nia Lopes},
  volume = {4422},
  series = {LNCS},
  pages = {72-86},
  publisher = {Springer},
  doi = {http://dx.doi.org/10.1007/978-3-540-71289-3_7},
  file = {:../literature/EhrigEhrigEHT07.pdf:},
  isbn = {978-3-540-71288-6},
  location = {Braga, Portugal},
  owner = {aronnax},
  timestamp = {2009.03.19}
}

@BOOK{EhrigEhrigPT06,
  title = {{Fundamentals of Algebraic Graph Transformation}},
  publisher = {Springer},
  year = {2006},
  author = {Hartmut Ehrig and Karsten Ehrig and Ulrike Prange and Gabriele Taentzer},
  month = {March},
  file = {:../literature/EhrigEhrigPT06.pdf:},
  isbn = {3540311874},
  owner = {aronnax},
  timestamp = {2009.01.14}
}

@MANUAL{EMFCompare,
  title = {{Project Web Site}},
  author = {{EMF Compare}},
  note = {\url{http://www.eclipse.org/emft/projects/compare/}},
  owner = {aronnax},
  timestamp = {2008.09.12}
}

@MANUAL{Epsilon,
  title = {{Book}},
  author = {{Epsilon}},
  note = {\url{http://epsilonlabs.wiki.sourceforge.net/Book}},
  owner = {aronnax},
  timestamp = {2009.04.01}
}

@BOOK{Fiadeiro04,
  title = {{Categories for Software Engineering}},
  publisher = {Springer},
  year = {2004},
  author = {Jos\'{e} L. Fiadeiro},
  month = {May},
  file = {:../literature/Fiadeiro04.pdf:},
  howpublished = {Hardcover},
  isbn = {3540209093},
  owner = {aronnax},
  timestamp = {2008.01.23}
}

@INPROCEEDINGS{FondementBaar05,
  author = {Fr{\'e}d{\'e}ric Fondement and Thomas Baar},
  title = {{Making Metamodels Aware of Concrete Syntax}},
  booktitle = {ECMDA-FA 2005: 1$^{st}$ European Conference on Model-Driven Architecture
	Foundations and Applications},
  year = {2005},
  editor = {Alan Hartman and David Kreische},
  volume = {3748},
  series = {LNCS},
  pages = {190-204},
  publisher = {Springer},
  doi = {http://dx.doi.org/10.1007/11581741_15},
  file = {:../literature/FondementBaar05.pdf:},
  isbn = {3-540-30026-0},
  location = {Nuremberg, Germany},
  owner = {aronnax},
  timestamp = {2009.05.18}
}

@BOOK{FrankelParodi04,
  title = {{The MDA Journal: Model Driven Architecture Straight From The Masters}},
  publisher = {Meghan Kiffer Pr},
  year = {2004},
  author = {David S. Frankel and John Parodi},
  file = {:../literature/FrankelParodi04.pdf:},
  isbn = {0929652258},
  owner = {aronnax},
  timestamp = {2009.04.29}
}

@BOOK{GuttmanParodi06,
  title = {{Real-Life MDA: Solving Business Problems with Model Driven Architecture}},
  publisher = {Morgan Kaufmann},
  year = {2006},
  author = {Michael Guttman and John Parodi},
  month = {December},
  file = {:../literature/GuttmanParodi06.pdf:},
  isbn = {0123705924},
  owner = {aronnax},
  timestamp = {2009.04.30}
}

@ARTICLE{HarelRumpe04,
  author = {David Harel and Bernhard Rumpe},
  title = {{Meaningful Modeling: What's the Semantics of ``Semantics''?}},
  journal = {IEEE Computer},
  year = {2004},
  volume = {37},
  pages = {64-72},
  number = {10},
  ee = {http://csdl.computer.org/comp/mags/co/2004/10/rx064abs.htm},
  file = {:../literature/HarelRumpe04.pdf:},
  owner = {aronnax},
  timestamp = {2009.03.19}
}

@MASTERSTHESIS{Hatland06,
  author = {{\O}rjan Hatland},
  title = {{Sketcher .NET -- A drawing tool for generalized sketches}},
  school = {Department of Informatics, University of Bergen},
  year = {2006},
  address = {Norway},
  month = {June},
  file = {:../literature/Hatland06.pdf:},
  owner = {aronnax},
  timestamp = {2009.05.01}
}

@ARTICLE{Heckel06,
  author = {Reiko Heckel},
  title = {{Graph Transformation in a Nutshell}},
  journal = {ENTCS},
  year = {2006},
  volume = {148},
  pages = {187-198},
  number = {1},
  doi = {http://dx.doi.org/10.1016/j.entcs.2005.12.018},
  file = {:../literature/Heckel06.pdf:},
  owner = {aronnax},
  timestamp = {2009.01.06}
}

@TECHREPORT{HuntMcIlroy76,
  author = {James W. Hunt and M. D. McIlroy},
  title = {{An Algorithm for Differential File Comparison}},
  institution = {Bell Laboratories},
  year = {1976},
  type = {Technical Report},
  number = {CSTR 41},
  address = {Murray Hill, NJ, USA},
  file = {:../literature/HuntMcIlroy76.pdf:},
  owner = {aronnax},
  timestamp = {2009.03.01}
}

@MANUAL{IETF05RFC4122,
  title = {{RFC4122: A Universally Unique IDentifier (UUID) URN Namespace}},
  author = {{Internet Engineering Task Force}},
  month = {July},
  year = {2005},
  note = {\url{http://www.ietf.org/rfc/rfc4122.txt}},
  owner = {aronnax},
  timestamp = {2008.09.12}
}

@INPROCEEDINGS{JouaultAllilaireBKV06,
  author = {Fr{\'e}d{\'e}ric Jouault and Freddy Allilaire and Jean B{\'e}zivin
	and Ivan Kurtev and Patrick Valduriez},
  title = {{ATL: a QVT-like transformation language}},
  booktitle = {OOPSLA 2006: 21$^{th}$ Annual ACM SIGPLAN Conference on Object-Oriented
	Programming, Systems, Languages and Applications},
  year = {2006},
  editor = {Peri L. Tarr and William R. Cook},
  pages = {719-720},
  publisher = {ACM},
  doi = {http://doi.acm.org/10.1145/1176617.1176691},
  file = {:../literature/JouaultAllilaireBKV06.pdf:},
  isbn = {1-59593-491-X},
  location = {Portland, Oregon, USA},
  owner = {aronnax},
  timestamp = {2009.04.30}
}

@INPROCEEDINGS{JouaultKurtev06,
  author = {Fr{\'e}d{\'e}ric Jouault and Ivan Kurtev},
  title = {{On the architectural alignment of ATL and QVT}},
  booktitle = {SAC 2006: 21$^{nd}$ ACM Symposium on Applied Computing},
  year = {2006},
  editor = {Hisham Haddad},
  pages = {1188-1195},
  publisher = {ACM},
  doi = {http://doi.acm.org/10.1145/1141277.1141561},
  file = {:../literature/JouaultKurtev06.pdf:},
  isbn = {1-59593-108-2},
  location = {Dijon, France},
  owner = {aronnax},
  timestamp = {2009.04.28}
}

@INPROCEEDINGS{KentHowse99,
  author = {Stuart Kent and John Howse},
  title = {{Mixing Visual and Textual Constraint Languages}},
  booktitle = {UML 1999: 2$^{nd}$ International Conference on The Unified Modeling
	Language, Modeling Languages and Applications},
  year = {1999},
  volume = {1723},
  series = {LNCS},
  pages = {384-398},
  publisher = {Springer},
  file = {:../literature/KentHowse99.pdf:},
  location = {Fort Collins, CO, USA},
  owner = {aronnax},
  timestamp = {2009.03.19}
}

@BOOK{KleppeWarmerB03,
  title = {{MDA Explained: The Model Driven Architecture: Practice and Promise}},
  publisher = {Addison-Wesley Longman Publishing Co., Inc.},
  year = {2003},
  author = {Anneke G. Kleppe and Jos Warmer and Wim Bast},
  address = {Boston, MA, USA},
  file = {:../literature/KleppeWarmerB03.pdf:},
  isbn = {032119442X},
  owner = {aronnax},
  timestamp = {2009.01.06}
}

@INPROCEEDINGS{KurtevBergJ06,
  author = {Ivan Kurtev and Klaas van den Berg and Fr{\'e}d{\'e}ric Jouault},
  title = {{Evaluation of rule-based modularization in model transformation
	languages illustrated with ATL}},
  booktitle = {SAC 2006: 21$^{st}$ ACM Symposium on Applied Computing},
  year = {2006},
  editor = {Hisham Haddad},
  pages = {1202-1209},
  publisher = {ACM},
  doi = {http://doi.acm.org/10.1145/1141277.1141563},
  file = {:../literature/KurtevBergJ06.pdf:},
  isbn = {1-59593-108-2},
  location = {Dijon, France},
  owner = {aronnax},
  timestamp = {2009.04.17}
}

@ARTICLE{KonigsSchurr06,
  author = {Alexander K{\"o}nigs and Andy Sch{\"u}rr},
  title = {{Tool Integration with Triple Graph Grammars -- A Survey}},
  journal = {ENTCS},
  year = {2006},
  volume = {148},
  pages = {113-150},
  number = {1},
  doi = {http://dx.doi.org/10.1016/j.entcs.2005.12.015},
  file = {:../literature/KonigsSchurr06.pdf:},
  owner = {aronnax},
  timestamp = {2009.03.19}
}

@ARTICLE{LinGrayJ07,
  author = {Yuehua Lin and Jeff Gray and Fr\'{e}d\'{e}ric Jouault},
  title = {{DSMDiff: A Differentiation Tool for Domain-Specific Models}},
  journal = {European Journal of Information Systems},
  year = {2007},
  volume = {16},
  pages = {349-361},
  number = {4, Special Issue on Model-Driven Systems Development},
  ee = {http://www.cis.uab.edu/gray/Pubs/ejis-2007.pdf},
  file = {:../literature/.pdf:},
  owner = {aronnax},
  timestamp = {2008.09.12}
}

@ARTICLE{Makkai97,
  author = {Michael Makkai},
  title = {{Generalized Sketches as a Framework for Completeness Theorems}},
  journal = {Journal of Pure and Applied Algebra},
  year = {1997},
  volume = {115},
  pages = {49-79, 179-212, 214-274},
  file = {:../literature/LinGrayJ07.pdf:},
  owner = {aronnax},
  publisher = {Elsevier},
  timestamp = {2009.01.23}
}

@ARTICLE{MarkovicBaar08,
  author = {SlaviÅ¡a MarkoviÄ and Thomas Baar},
  title = {{Refactoring OCL annotated UML class diagrams}},
  journal = {Software and System Modeling},
  year = {2008},
  volume = {7},
  pages = {25-47},
  number = {1},
  doi = {http://dx.doi.org/10.1007/s10270-007-0056-x},
  file = {:../literature/MarkovicBaar08.pdf:},
  owner = {aronnax},
  timestamp = {2009.03.19}
}

@ARTICLE{Mens02,
  author = {Tom Mens},
  title = {{A State-of-the-Art Survey on Software Merging}},
  journal = {IEEE Transactions on Software Engineering},
  year = {2002},
  volume = {28},
  pages = {449-462},
  number = {5},
  address = {Los Alamitos, CA, USA},
  doi = {http://doi.ieeecomputersociety.org/10.1109/TSE.2002.1000449},
  file = {:../literature/Mens02.pdf:},
  issn = {0098-5589},
  owner = {aronnax},
  publisher = {IEEE Computer Society},
  timestamp = {2008.12.15}
}

@ARTICLE{MensGorp06,
  author = {Tom Mens and Pieter Van Gorp},
  title = {{A Taxonomy of Model Transformation}},
  journal = {ENTCS},
  year = {2006},
  volume = {152},
  pages = {125-142},
  doi = {http://dx.doi.org/10.1016/j.entcs.2005.10.021},
  file = {:../literature/MensGorp06.pdf:},
  owner = {aronnax},
  timestamp = {2009.04.15}
}

@ARTICLE{MensTaentzerR05,
  author = {Tom Mens and Gabriele Taentzer and Olga Runge},
  title = {{Detecting Structural Refactoring Conflicts Using Critical Pair Analysis}},
  journal = {ENTCS},
  year = {2005},
  volume = {127},
  pages = {113-128},
  number = {3},
  doi = {http://dx.doi.org/10.1016/j.entcs.2004.08.038},
  file = {:../literature/MensTaentzerR05.pdf:},
  owner = {aronnax},
  timestamp = {2008.09.12}
}

@ARTICLE{MensTourwe04,
  author = {Tom Mens and Tom Tourw{\'e}},
  title = {{A Survey of Software Refactoring}},
  journal = {IEEE Transactions on Software Engineering},
  year = {2004},
  volume = {30},
  pages = {126-139},
  number = {2},
  file = {:../literature/MensTourwe04.pdf:},
  owner = {aronnax},
  timestamp = {2009.03.19}
}

@ARTICLE{NarayananKarsai2008,
  author = {Anantha Narayanan and Gabor Karsai},
  title = {{Towards Verifying Model Transformations}},
  journal = {ENTCS},
  year = {2008},
  volume = {211},
  pages = {191-200},
  address = {Amsterdam, The Netherlands},
  doi = {http://dx.doi.org/10.1016/j.entcs.2008.04.041},
  file = {:../literature/NarayananKarsai2008.pdf:},
  issn = {1571-0661},
  owner = {aronnax},
  publisher = {Elsevier Science Publishers B. V.},
  timestamp = {2009.01.15}
}

@INPROCEEDINGS{NiuEasterbrookS05,
  author = {Nan Niu and Steve Easterbrook and Mehrdad Sabetzadeh},
  title = {{A Category-theoretic Approach to Syntactic Software Merging}},
  booktitle = {ICSM 2005: 21$^{st}$ IEEE International Conference on Software Maintenance},
  year = {2005},
  pages = {197-206},
  address = {Los Alamitos, CA, USA},
  publisher = {IEEE Computer Society},
  doi = {http://doi.ieeecomputersociety.org/10.1109/ICSM.2005.6},
  file = {:../literature/NiuEasterbrookS05.pdf:},
  isbn = {0-7695-2368-4},
  issn = {1063-6773},
  owner = {aronnax},
  timestamp = {2008.12.15}
}

@MANUAL{OMG,
  title = {{Web site}},
  author = {{Object Management Group}},
  note = {\url{http://www.omg.org}},
  owner = {adrian},
  timestamp = {2008.10.06}
}

@MANUAL{OMG08QVT,
  title = {{Query/View/Transformation Specification}},
  author = {{Object Management Group}},
  month = {April},
  year = {2008},
  note = {\url{http://www.omg.org/cgi-bin/doc?formal/2008-04-03}},
  file = {:../literature/OMG08QVT.pdf:},
  number = {1.0},
  owner = {aronnax},
  timestamp = {2009.04.28}
}

@MANUAL{OMG07UML,
  title = {{Unified Modeling Language Specification}},
  author = {{Object Management Group}},
  month = {November},
  year = {2007},
  note = {\url{http://www.omg.org/cgi-bin/doc?formal/2007-11-04}},
  file = {:../literature/OMG07UML.pdf:},
  number = {2.1.2},
  owner = {aronnax},
  timestamp = {2009.01.16}
}

@MANUAL{OMG07XMI,
  title = {{XML Metadata Interchange Specification}},
  author = {{Object Management Group}},
  month = {December},
  year = {2007},
  note = {\url{http://www.omg.org/cgi-bin/doc?formal/2007-12-01}},
  file = {:../literature/OMG07XMI.pdf:},
  number = {2.1.1},
  owner = {aronnax},
  timestamp = {2008.09.12}
}

@MANUAL{OMG06MOF,
  title = {{Meta-Object Facility Specification}},
  author = {{Object Management Group}},
  month = {January},
  year = {2006},
  note = {\url{http://www.omg.org/cgi-bin/doc?formal/2006-01-01}},
  file = {:../literature/OMG06MOF.pdf:},
  number = {2.0},
  owner = {aronnax},
  timestamp = {2009.01.06}
}

@MANUAL{OMG06OCL,
  title = {{Object Constraint Language Specification}},
  author = {{Object Management Group}},
  month = {May},
  year = {2006},
  note = {\url{http://www.omg.org/cgi-bin/doc?formal/2006-05-01}},
  file = {:../literature/OMG06OCL.pdf:},
  number = {2.0},
  owner = {aronnax},
  timestamp = {2009.01.16}
}

@MANUAL{OMG05MDAFoundationModel,
  title = {{A Proposal for an MDA Foundation Model}},
  author = {{Object Management Group}},
  month = {April},
  year = {2005},
  note = {\url{http://www.omg.org/cgi-bin/doc?ormsc/05-04-01}},
  file = {:../literature/OMG05MDAFoundationModel.pdf:},
  number = {00.02},
  owner = {aronnax},
  timestamp = {2009.04.29}
}

@INPROCEEDINGS{OhstWelleK03,
  author = {Dirk Ohst and Michael Welle and Udo Kelter},
  title = {{Differences between versions of UML diagrams}},
  booktitle = {ESEC/FSE 2003: 11$^{th}$ ACM SIGSOFT Symposium on Foundations of
	Software Engineering 2003},
  year = {2003},
  pages = {227-236},
  publisher = {ACM},
  doi = {http://doi.acm.org/10.1145/940071.940102},
  file = {:../literature/OhstWelleK03.pdf:},
  location = {Helsinki, Finland},
  owner = {aronnax},
  timestamp = {2008.10.13}
}

@INPROCEEDINGS{OlsenOldevik07,
  author = {G{\o}ran K. Olsen and Jon Oldevik},
  title = {{Scenarios of Traceability in Model to Text Transformations}},
  booktitle = {ECMDA-FA 2007: 3$^{nd}$ European Conference on Model-Driven Architecture
	Foundations and Applications},
  year = {2007},
  editor = {David H. Akehurst and R{\'e}gis Vogel and Richard F. Paige},
  volume = {4530},
  series = {LNCS},
  pages = {144-156},
  publisher = {Springer},
  doi = {http://dx.doi.org/10.1007/978-3-540-72901-3\_11},
  file = {:../literature/OlsenOldevik07.pdf:},
  isbn = {978-3-540-72900-6},
  location = {Haifa, Israel},
  owner = {aronnax},
  timestamp = {2009.04.29}
}

@MANUAL{MDA,
  title = {{Web Site}},
  author = {{OMG Model Driven Architecture}},
  note = {\url{http://www.omg.org/mda/}},
  owner = {aronnax},
  timestamp = {2009.01.06}
}

@INPROCEEDINGS{Poernomo08,
  author = {Iman Poernomo},
  title = {{Proofs-as-Model-Transformations}},
  booktitle = {ICMT 2008: 1$^{st}$ International Conference on Theory and Practice
	of Model Transformations},
  year = {2008},
  volume = {5063},
  series = {LNCS},
  pages = {214-228},
  publisher = {Springer},
  doi = {http://dx.doi.org/10.1007/978-3-540-69927-9_15},
  file = {:../literature/Poernomo08.pdf:},
  isbn = {978-3-540-69926-2},
  location = {Z{\"u}rich, Switzerland},
  owner = {aronnax},
  timestamp = {2009.03.19}
}

@INPROCEEDINGS{Poernomo06,
  author = {Iman Poernomo},
  title = {{A Type Theoretic Framework for Formal Metamodelling}},
  booktitle = {International Seminar on Architecting Systems with Trustworthy Components},
  year = {2006},
  volume = {3938},
  series = {LNCS},
  pages = {262-298},
  publisher = {Springer},
  doi = {http://dx.doi.org/10.1007/11786160_15},
  file = {:../literature/Poernomo06.pdf:},
  isbn = {3-540-35800-5},
  location = {Dagstuhl Castle, Germany},
  owner = {aronnax},
  timestamp = {2009.03.20}
}

@INPROCEEDINGS{PosseDingel08,
  author = {Ernesto Posse and J{\Â¨u}rgen Dingel},
  title = {{A Foundation for MDE}},
  booktitle = {ChaMDE 2008: 1$^{st}$ International Workshop on Challenges in Model-Driven
	Software Engineering},
  year = {2008},
  pages = {15-19},
  month = {September},
  file = {:../literature/PosseDingel08.pdf:},
  location = {Toulouse, France},
  owner = {aronnax},
  timestamp = {2009.03.19}
}

@INPROCEEDINGS{RichtersGogolla00,
  author = {Mark Richters and Martin Gogolla},
  title = {{Validating UML Models and OCL Constraints}},
  booktitle = {UML 2000: 3$^{rd}$ International Conference on The Unified Modeling
	Language, Modeling Languages and Applications},
  year = {2000},
  volume = {1939},
  series = {LNCS},
  pages = {265-277},
  publisher = {Springer},
  ee = {http://link.springer.de/link/service/series/0558/bibs/1939/19390265.htm},
  file = {:../literature/RichtersGogolla00.pdf:},
  location = {York, UK},
  owner = {aronnax},
  timestamp = {2009.03.19}
}

@INPROCEEDINGS{RiveraVallecillo08,
  author = {Jos\'{e} E. Rivera and Antonio Vallecillo},
  title = {{Representing and Operating with Model Differences}},
  booktitle = {TOOLS Europe 2008: 46$^{th}$ International Conference on Objects,
	Components, Models and Patterns},
  year = {2008},
  volume = {11},
  series = {LNBIP},
  pages = {141-160},
  publisher = {Springer},
  doi = {http://dx.doi.org/10.1007/978-3-540-69824-1\_9},
  file = {:../literature/RiveraVallecillo08.pdf:},
  isbn = {978-3-540-69823-4},
  location = {Zurich, Switzerland},
  owner = {aronnax},
  timestamp = {2008.09.12}
}

@ARTICLE{RomeroRiveraDV07,
  author = {Jos{\'e} Ra{\'u}l Romero and Jos{\'e} E. Rivera and Francisco Dur{\'a}n
	and Antonio Vallecillo},
  title = {{Formal and Tool Support for Model Driven Engineering with Maude}},
  journal = {Journal of Object Technology},
  year = {2007},
  volume = {6},
  pages = {187-207},
  number = {9},
  ee = {http://www.jot.fm/issues/issue_2007_10/paper10/index.html},
  file = {:../literature/RomeroRiveraDV07.pdf:},
  owner = {aronnax},
  timestamp = {2009.03.19}
}

@INPROCEEDINGS{Rutle08ECOOP,
  author = {Adrian Rutle},
  title = {{Towards a Formal Diagrammatic Framework for MDA}},
  booktitle = {ECOOP-DS 2008: 18$^{th}$ ECOOP Doctoral Symposium and PhD Students
	Workshop},
  year = {2008},
  pages = {37-40},
  doi = {http://hdl.handle.net/2142/11788},
  file = {:../literature/Rutle08ECOOP.pdf:},
  location = {Paphos, Cyprus},
  owner = {aronnax},
  timestamp = {2009.05.27}
}

@INPROCEEDINGS{RutleRossini08ChaMDE,
  author = {Adrian Rutle and Alessandro Rossini},
  title = {{A Tentative Analysis of the Factors Affecting the Industrial Adoption
	of MDE}},
  booktitle = {ChaMDE 2008: 1$^{st}$ International Workshop on Challenges in Model-Driven
	Software Engineering},
  year = {2008},
  pages = {57-61},
  month = {September},
  file = {:../literature/RutleRossini08Models.pdf:},
  location = {Toulouse, France},
  owner = {aronnax},
  timestamp = {2008.09.12}
}

@INPROCEEDINGS{RutleRossiniLW09FASE,
  author = {Adrian Rutle and Alessandro Rossini and Yngve Lamo and Uwe Wolter},
  title = {{A Category-Theoretical Approach to the Formalisation of Version
	Control in MDE}},
  booktitle = {FASE 2009: 12$^{th}$ International Conference on Fundamental Approaches
	to Software Engineering},
  year = {2009},
  editor = {Marsha Chechik and Martin Wirsing},
  volume = {5503},
  series = {LNCS},
  pages = {64-78},
  publisher = {Springer},
  doi = {http://dx.doi.org/10.1007/978-3-642-00593-0\_5},
  file = {:../literature/RutleRossiniLW09FASE.pdf:},
  isbn = {978-3-642-00592-3},
  location = {York, UK},
  owner = {aronnax},
  timestamp = {2009.01.15}
}

@INPROCEEDINGS{RutleRossiniLW09TOOLS,
  author = {Adrian Rutle and Alessandro Rossini and Yngve Lamo and Uwe Wolter},
  title = {{A Diagrammatic Formalisation of MOF-Based Modelling Languages}},
  booktitle = {TOOLS Europe 2009: 47$^{th}$ International Conference on Objects,
	Components, Models and Patterns},
  year = {2009},
  editor = {Manuel Oriol and Bertrand Meyer},
  volume = {33},
  series = {LNBIP},
  pages = {37-56},
  publisher = {Springer},
  file = {:../literature/RutleRossiniLW09TOOLS.pdf:},
  location = {Zurich, Switzerland},
  owner = {aronnax},
  timestamp = {2009.05.12}
}

@INPROCEEDINGS{RutleRossiniLW08NWPTTransformation,
  author = {Adrian Rutle and Alessandro Rossini and Yngve Lamo and Uwe Wolter},
  title = {{Automatic Definition of Model Transformations at the Instance Level}},
  booktitle = {NWPT 2008: 20$^{th}$ Nordic Workshop on Programming Theory},
  year = {2008},
  pages = {80-81},
  month = {November},
  file = {:../literature/RutleRossiniLW08NWPTTransformation.pdf:},
  location = {Tallin, Estonia},
  owner = {aronnax},
  timestamp = {2008.10.18}
}

@INPROCEEDINGS{RutleRossiniLW08NWPTVersionControl,
  author = {Adrian Rutle and Alessandro Rossini and Yngve Lamo and Uwe Wolter},
  title = {{A Category-Theoretical Approach to the Formalisation of Version
	Control in MDE}},
  booktitle = {NWPT 2008: 20$^{th}$ Nordic Workshop on Programming Theory},
  year = {2008},
  pages = {78-79},
  month = {November},
  file = {:../literature/RutleRossiniLW08NWPTVersionControl.pdf:},
  location = {Tallin, Estonia},
  owner = {aronnax},
  timestamp = {2008.10.18}
}

@INPROCEEDINGS{RutleWolterL08OOPSLA,
  author = {Adrian Rutle and Uwe Wolter and Yngve Lamo},
  title = {{Models and Model Transformations in view of Diagrammatic Predicate
	Logic}},
  note = {Submitted to OOPSLA 2008: 23$^{rd}$ Annual ACM SIGPLAN Conference
	on Object-Oriented Programming, Systems, Languages and Applications},
  owner = {aronnax},
  timestamp = {2009.04.30}
}

@INPROCEEDINGS{RutleWolterL08WoLLIC,
  author = {Adrian Rutle and Uwe Wolter and Yngve Lamo},
  title = {{A Formal Approach to Model Transformations in Software Engineering}},
  note = {Submitted to WoLLIC 2008: 15$^{th}$ Workshop on Logic, Language,
	Information and Computation},
  owner = {aronnax},
  timestamp = {2009.04.30}
}

@INPROCEEDINGS{RutleWolterL08EATIS,
  author = {Adrian Rutle and Uwe Wolter and Yngve Lamo},
  title = {{A Diagrammatic Approach to Model Transformations}},
  booktitle = {EATIS 2008: Euro American Conference on Telematics and Information
	Systems},
  year = {To appear},
  file = {:../literature/RutleWolterL08EATIS.pdf:},
  location = {Aracaju, Brazil},
  owner = {aronnax},
  timestamp = {2008.09.12}
}

@TECHREPORT{RutleWolterL08TR367UIB,
  author = {Adrian Rutle and Uwe Wolter and Yngve Lamo},
  title = {{Generalized Sketches and Model-Driven Architecture}},
  institution = {Department of Informatics, University of Bergen, Norway},
  year = {2008},
  type = {Technical Report},
  number = {367},
  month = {February},
  ee = {http://www.ii.uib.no/publikasjoner/texrap/pdf/2008-367.pdf},
  file = {:../literature/RutleWolterL08TR367UIB.pdf:},
  owner = {aronnax},
  timestamp = {2008.09.12}
}

@TECHREPORT{RutleWolterL08TR48TUCS,
  author = {Adrian Rutle and Uwe Wolter and Yngve Lamo},
  title = {{A Formal Approach to Modeling and Model Transformations in Software
	Engineering}},
  institution = {Turku Centre for Computer Science, Finland},
  year = {2008},
  number = {48},
  ee = {http://www.tucs.fi/publications/insight.php?id=pTroubitsyna08a},
  file = {:../literature/RutleWolterL08TR48TUCS.pdf:},
  owner = {aronnax},
  timestamp = {2008.09.12}
}

@INPROCEEDINGS{RutleWolterL07CALCO,
  author = {Adrian Rutle and Uwe Wolter and Yngve Lamo},
  title = {{Generalized Sketches and Model-Driven Development}},
  booktitle = {CALCO-jnr 2007: CALCO Young Researchers Workshop},
  year = {2007},
  month = {August},
  file = {:../literature/RutleWolterL07CALCO.pdf:},
  location = {Bergen, Norway},
  owner = {aronnax},
  timestamp = {2008.10.18}
}

@INPROCEEDINGS{RutleWolterL07EclipseCon,
  author = {Adrian Rutle and Uwe Wolter and Yngve Lamo},
  title = {{Generalized Sketches and its Implementation in EMF}},
  booktitle = {EclipseCon 2007},
  year = {2007},
  month = {March},
  ee = {http://www.eclipsecon.org/2007/index.php?page=sub/&id=4072},
  location = {Santa Clara, California, USA},
  owner = {aronnax},
  timestamp = {2009.05.27}
}

@INPROCEEDINGS{RutleWolterL07NWPT,
  author = {Adrian Rutle and Uwe Wolter and Yngve Lamo},
  title = {{Generalized Sketches and Model-Driven Architecture}},
  booktitle = {NWPT 2007: 19$^{th}$ Nordic Workshop on Programming Theory},
  year = {2007},
  month = {October},
  file = {:../literature/RutleWolterL07NWPT.pdf:},
  location = {Oslo, Norway},
  owner = {aronnax},
  timestamp = {2008.10.18}
}

@INPROCEEDINGS{RutleWolterL06,
  author = {Adrian Rutle and Uwe Wolter and Yngve Lamo},
  title = {{Diagrammatic Software Specifications}},
  booktitle = {NWPT 2006: 18$^{th}$ Nordic Workshop on Programming Theory},
  year = {2006},
  month = {October},
  file = {:../literature/RutleWolterL06.pdf:},
  location = {Reykjavik, Iceland},
  owner = {aronnax},
  timestamp = {2008.10.01}
}

@INPROCEEDINGS{Schmidt07,
  author = {Markus Schmidt},
  title = {{Transformations of UML 2 Models Using Concrete Syntax Patterns}},
  booktitle = {RISE 2006: 3$^{rd}$ International Workshop on Rapid Integration of
	Software Engineering Techniques},
  year = {2007},
  editor = {Nicolas Guelfi and Didier Buchs},
  volume = {4401},
  series = {LNCS},
  pages = {130-143},
  publisher = {Springer},
  doi = {http://dx.doi.org/10.1007/978-3-540-71876-5_9},
  file = {:../literature/Schmidt07.pdf:},
  isbn = {978-3-540-71875-8},
  location = {Geneva, Switzerland},
  owner = {aronnax},
  timestamp = {2009.05.08}
}

@BOOK{Sebesta07,
  title = {{Concepts of Programming Languages (8$^{th}$ Edition)}},
  publisher = {Addison Wesley},
  year = {2007},
  author = {Robert W. Sebesta},
  file = {:../literature/Sebesta07.pdf:},
  isbn = {0321493621},
  owner = {aronnax},
  timestamp = {2009.04.29}
}

@ARTICLE{SendallKozaczynski03,
  author = {Shane Sendall and Wojtek Kozaczynski},
  title = {{Model Transformation: The Heart and Soul of Model-Driven Software
	Development}},
  journal = {IEEE Software},
  year = {2003},
  volume = {20},
  pages = {42-45},
  number = {5},
  file = {:../literature/SendallKozaczynski03.pdf:},
  owner = {aronnax},
  timestamp = {2009.05.18}
}

@MASTERSTHESIS{Skjerveggen08,
  author = {Stian Skjerveggen},
  title = {{(Towards an) Implementation of a Graphical Editor for Diagrammatic
	Predicate Logic in the Eclipse Platform}},
  school = {Department of Informatics, University of Bergen},
  year = {2008},
  address = {Norway},
  month = {June},
  file = {:../literature/Skjerveggen08.pdf:},
  owner = {aronnax},
  timestamp = {2009.05.27}
}

@INPROCEEDINGS{SosunovasVasilecas07,
  author = {Sergejus Sosunovas and Olegas Vasilecas},
  title = {{Tool-Supported Method for the Extraction of OCL from ORM Models}},
  booktitle = {BIS 2007: 10$^{th}$ International Conference on Business Information
	Systems},
  year = {2007},
  volume = {4439},
  series = {LNCS},
  pages = {449-463},
  publisher = {Springer},
  doi = {http://dx.doi.org/10.1007/978-3-540-72035-5_35},
  file = {:../literature/SosunovasVasilecas07.pdf:},
  isbn = {978-3-540-72034-8},
  location = {Poznan, Poland},
  owner = {aronnax},
  timestamp = {2009.03.19}
}

@INPROCEEDINGS{SteelJezequel05,
  author = {Jim Steel and Jean-Marc J{\'e}z{\'e}quel},
  title = {{Model Typing for Improving Reuse in Model-Driven Engineering}},
  booktitle = {MoDELS 2005: 8$^{th}$ International Conference on Model Driven Engineering},
  year = {2005},
  editor = {Lionel C. Briand and Clay Williams},
  volume = {3713},
  series = {LNCS},
  pages = {84-96},
  publisher = {Springer},
  doi = {http://dx.doi.org/10.1007/11557432_7},
  file = {:../literature/SteelJezequel05.pdf:},
  isbn = {3-540-29010-9},
  location = {Montego Bay, Jamaica},
  owner = {aronnax},
  timestamp = {2009.03.19}
}

@INPROCEEDINGS{SteinHanenbergU04,
  author = {Dominik Stein and Stefan Hanenberg and Rainer Unland},
  title = {{A Graphical Notation to Specify Model Queries for MDA Transformations
	on UML Models}},
  booktitle = {MDAFA2003 and MDAFA2004: Workshop on Model Driven Architecture: Foundations
	and Applications},
  year = {2005},
  volume = {3599},
  series = {LNCS},
  pages = {77-92},
  publisher = {Springer},
  doi = {http://dx.doi.org/10.1007/11538097_6},
  file = {:../literature/SteinHanenbergU04.pdf:},
  isbn = {3-540-28240-8},
  location = {Twente, The Netherlands, and Link{\"o}ping, Sweden},
  owner = {aronnax},
  timestamp = {2009.03.19}
}

@INPROCEEDINGS{Stevens07,
  author = {Perdita Stevens},
  title = {{Bidirectional Model Transformations in QVT: Semantic Issues and
	Open Questions}},
  booktitle = {MoDELS 2007: 10$^{th}$ International Conference on Model Driven Engineering
	Languages and Systems},
  year = {2007},
  editor = {Gregor Engels and Bill Opdyke and Douglas C. Schmidt and Frank Weil},
  volume = {4735},
  series = {LNCS},
  pages = {1-15},
  publisher = {Springer},
  doi = {http://dx.doi.org/10.1007/978-3-540-75209-7_1},
  file = {:../literature/Stevens07.pdf:},
  isbn = {978-3-540-75208-0},
  location = {Nashville, USA},
  owner = {aronnax},
  timestamp = {2009.04.28}
}

@INPROCEEDINGS{TaentzerRensink05,
  author = {Gabriele Taentzer and Arend Rensink},
  title = {{Ensuring Structural Constraints in Graph-Based Models with Type
	Inheritance}},
  booktitle = {FASE 2005: 8$^{th}$ International Conference on Fundamental Approaches
	to Software Engineering},
  year = {2005},
  editor = {Maura Cerioli},
  volume = {3442},
  series = {LNCS},
  pages = {64-79},
  publisher = {Springer},
  ee = {http://www.springerlink.com/content/98tey0jerhy7pryn/},
  file = {:../literature/TaentzerRensink05.pdf:},
  isbn = {3-540-25420-X},
  location = {Edinburgh, UK},
  owner = {aronnax},
  timestamp = {2009.01.15}
}

@INPROCEEDINGS{TurnerGrahamWBHSR03,
  author = {Christopher J. Turner and T. C. Nicholas Graham and Christopher Wolfe
	and Julian Ball and David Holman and Hugh D. Stewart and Arthur G.
	Ryman},
  title = {{Visual Constraint Diagrams: Runtime Conformance Checking of UML
	Object Models versus Implementations}},
  booktitle = {ASE 2003: 18$^{th}$ IEEE International Conference on Automated Software
	Engineering},
  year = {2003},
  pages = {271-276},
  publisher = {IEEE Computer Society},
  ee = {http://csdl.computer.org/comp/proceedings/ase/2003/2035/00/20350271abs.htm},
  file = {:../literature/TurnerGrahamWBHSR03.pdf:},
  isbn = {0-7695-2035-9},
  location = {Montreal, Canada},
  owner = {aronnax},
  timestamp = {2009.03.19}
}

@ARTICLE{VarroBalogh07,
  author = {D{\'a}niel Varr{\'o} and Andr{\'a}s Balogh},
  title = {{The model transformation language of the VIATRA2 framework}},
  journal = {Sci. Comput. Program.},
  year = {2007},
  volume = {68},
  pages = {214-234},
  number = {3},
  doi = {http://dx.doi.org/10.1016/j.scico.2007.05.004},
  file = {:../literature/VarroBalogh07.pdf:},
  owner = {aronnax},
  timestamp = {2009.04.17}
}

@MANUAL{VisualOCL,
  title = {{Project Web Site}},
  author = {{Visual OCL}},
  note = {\url{http://tfs.cs.tu-berlin.de/vocl/}},
  owner = {aronnax},
  timestamp = {2009.01.14}
}

@BOOK{WarmerKleppe03,
  title = {{The Object Constraint Language (2$^{nd}$ Edition): Getting your
	models ready for MDA}},
  publisher = {Addison-Wesley},
  year = {2003},
  author = {Jos Warmer and Anneke Kleppe},
  month = {August},
  file = {:../literature/WarmerKleppe03.pdf:},
  isbn = {0321179366},
  owner = {aronnax},
  timestamp = {2009.01.14}
}

@INPROCEEDINGS{WolterDiskin08,
  author = {Uwe Wolter and Zinovy Diskin},
  title = {{Contexts and Context Awareness in View of the Diagram Predicate
	Framework}},
  booktitle = {ISoLA 2008: 3$^{rd}$ International Symposium on Leveraging Applications
	of Formal Methods, Verification and Validation},
  year = {2008},
  editor = {Tiziana Margaria and Bernhard Steffen},
  volume = {17},
  series = {CCIS},
  pages = {534-547},
  publisher = {Springer},
  doi = {http://dx.doi.org/10.1007/978-3-540-88479-8_38},
  isbn = {978-3-540-88478-1},
  location = {Porto Sani, Greece},
  owner = {aronnax},
  timestamp = {2009.05.27}
}

@TECHREPORT{WolterDiskin07TR358UIB,
  author = {Uwe Wolter and Zinovy Diskin},
  title = {{The Next Hundred Diagrammatic Specification Techniques -- An Introduction
	to Generalized Sketches}},
  institution = {Department of Informatics, University of Bergen, Norway},
  year = {2007},
  type = {Technical Report},
  number = {358},
  month = {July},
  ee = {http://www.ii.uib.no/publikasjoner/texrap/pdf/2007-358.pdf},
  file = {:../literature/WolterDiskin07TR358UIB.pdf:},
  owner = {aronnax},
  timestamp = {2009.04.29}
}

@TECHREPORT{WolterDiskin07TR361UIB,
  author = {Uwe Wolter and Zinovy Diskin},
  title = {{From Indexed to Fibred Semantics -- The Generalized Sketch File}},
  institution = {Department of Informatics, University of Bergen, Norway},
  year = {2007},
  type = {Technical Report},
  number = {361},
  month = {October},
  ee = {http://www.ii.uib.no/publikasjoner/texrap/pdf/2007-361.pdf},
  file = {:../literature/WolterDiskin07TR361UIB.pdf:},
  owner = {aronnax},
  timestamp = {2009.05.02}
}





@book{Gonzalez-Perez:2008:MSE:1502365,
 author = {Cesar Gonzalez-Perez and Brian Henderson-Sellers},
 title = {Metamodelling for Software Engineering},
 year = {2008},
 isbn = {0470030364, 9780470030363},
 publisher = {Wiley Publishing},
} 

@inproceedings{DBLP:conf/dagstuhl/Kuhne04,
  author    = {Thomas K{\"u}hne},
  title     = {What is a Model?},
  booktitle = {Language Engineering for Model-Driven Software Development},
  year      = {2004},
  ee        = {http://drops.dagstuhl.de/opus/volltexte/2005/23},
  crossref  = {DBLP:conf/dagstuhl/2004P4101},
  bibsource = {DBLP, http://dblp.uni-trier.de}
}

@proceedings{DBLP:conf/dagstuhl/2004P4101,
  editor    = {Jean B{\'e}zivin and Reiko Heckel},
  title     = {Language Engineering for Model-Driven Software Development,
               29. February - 5. March 2004},
  booktitle = {Language Engineering for Model-Driven Software Development},
  publisher = {Internationales Begegnungs- und Forschungszentrum f{\"u}r
               Informatik (IBFI), Schloss Dagstuhl, Germany},
  series    = {Dagstuhl Seminar Proceedings},
  volume    = {04101},
  year      = {2005},
  bibsource = {DBLP, http://dblp.uni-trier.de}
}

@book{gronback_eclipse_2009,
  author = {R. C. Gronback},
  interhash = {bd673df4a4d9946bfdd28c6ce2d139fb},
  intrahash = {97ad47180d09aaa7dc5b51b890e2cf4d},
  publisher = {{Addison-Wesley} Professional},
  title = {Eclipse Modeling Project: A {Domain-Specific} Language {(DSL)} Toolkit},
  year = 2009,
  keywords = {imported},
  added-at = {2011-01-07T18:27:58.000+0100},
  isbn = {0321534077},
  biburl = {http://www.bibsonomy.org/bibtex/297ad47180d09aaa7dc5b51b890e2cf4d/stefan.strecker}
}

@PHDTHESIS{rutle_thesis_2010,
   author = {Adrian Rutle},
   title = {{Diagram Predicate Framework: A Formal Approach to MDE}},
   school = {Department of Informatics, University of Bergen, Norway},
   type = "{PhD} Dissertation",
   year = {2010},
}

@MANUAL{mono,
  title = {{Project Web Site}},
  author = {{Mono}},
  note = {\url{http://mono-project.com/}},
  owner = {aronnax},
  timestamp = {2011.01.18}
}

@MANUAL{agile_alliance,
  title = {{Project Web Site}},
  author = {{The Agile Alliance}},
  note = {\url{http://www.agilealliance.org/}},
  owner = {aronnax},
  timestamp = {2011.01.18}
}

@MANUAL{eclipse_graphiti_web,
  title = {{Project Web Site}},
  author = {{Eclipse Graphiti}},
  note = {\url{http://www.eclipse.org/graphiti/}},
  owner = {aronnax},
  timestamp = {2011.02.02}
}

@MANUAL{eclipse_user_interface_guidelindes_web,
  title = {{Project Web Site}},
  author = {{Eclipse User Interface Guidelines}},
  note = {\url{http://wiki.eclipse.org/User_Interface_Guidelines}},
  owner = {aronnax},
  timestamp = {2011.02.02}
}

@MANUAL{eclipse_naming_conventions_web,
  title = {{Project Web Site}},
  author = {{Eclipse Naming Conventions}},
  note = {\url{http://wiki.eclipse.org/Naming_Conventions}},
  owner = {aronnax},
  timestamp = {2011.02.02}
}

@MANUAL{pde_build_web,
  title = {{Project Web Site}},
  author = {{Eclipse PDE/Build}},
  note = {\url{http://www.eclipse.org/pde/pde-build/}},
  owner = {aronnax},
  timestamp = {2011.02.02}
}

@MANUAL{eclipse_project_naming_web,
  title = {{Project Web Site}},
  author = {{Eclipse Project Naming Policy}},
  note = {\url{http://wiki.eclipse.org/Development_Resources/HOWTO/Project_Naming_Policy}},
  owner = {aronnax},
  timestamp = {2011.02.02}
}

@MANUAL{scrum_alliance,
  title = {{Project Web Site}},
  author = {{The Scrum Alliance}},
  note = {\url{http://www.scrumalliance.org/}},
  owner = {aronnax},
  timestamp = {2011.01.18}
}

@INCOLLECTION {j:sprinkle-mbeerts4-2009,
    AUTHOR = { Jonathan Sprinkle and Bernhard Rumpe and Hans Vangheluwe and Gabor Karsai },
    TITLE = { Metamodelling },
    BOOKTITLE = { Model-Based Engineering of Embedded Real-Time Systems },
    PUBLISHER = { Springer },
    SERIES = { Lecture Notes in Computer Science },
    VOLUME = { 6100 },
    CHAPTER = { 4 },
    YEAR = { 2010 },
    PAGES = { 59--78 },
}

@article{hevner2004dsi,
  author = {Alan R. Hevner and Salvatore T. March and Jinsoo Park and Sudha Ram},
  interhash = {3cec339fe222585d6886d96242e234a4},
  intrahash = {dfdbf60774001e080b1150b5727c0697},
  journal = {Management Information Systems Quarterly},
  number = 1,
  pages = {75-106},
  publisher = {MIS Research Center-School of Managment},
  title = {{Design science in information systems research}},
  url = {http://www.hec.unil.ch/yp/HCI/articles/hevner04.pdf},
  volume = 28,
  year = 2004,
  keywords = {2004 designscience},
  added-at = {2010-11-30T14:26:04.000+0100},
  biburl = {http://www.bibsonomy.org/bibtex/2dfdbf60774001e080b1150b5727c0697/trude},
  abstract = {Two paradigms characterize much of the research in the Information Systems discipline: behavioral science and design science. The behavioral-science paradigm seeks to develop and verify theories that explain or predict human or organizational behavior. The design-science paradigm seeks to extend the boundaries of human and organizational capabilities by creating new and innovative artifacts. Both paradigms are foundational to the IS discipline, positioned as it is at the confluence of people, organizations, and technology. Our objective is to describe the performance of design-science research in Information Systems via a concise conceptual framework and clear guidelines for understanding, executing, and evaluating the research. In the designscience paradigm knowledge and understanding of a problem domain and its solution are achieved in the building and application of the designed artifact. Three recent exemplars in the research literature are used to demonstrate the application of these guidelines. We conclude with an analysis o f the challenges of performing high-quality design-science research in the context of the broader IS community}
}

@book{swing2swt,
title="{Migrate your Swing application to SWT}",
author="{Yannick Saillet}",
year=2004,
note="\url{http://www.ibm.com/developerworks/java/tutorials/j-swing2swt/}",
publisher="{IBM developerWorks}",
}

@MANUAL{XMI211,
  title = {{XML Metadata Interchange Specification}},
  author = {{Object Management Group, XML Metadata Interchange (XMIÂ®)}},
  note = {\url{http://www.omg.org/spec/XMI/2.1.1/}},
  owner = {adrian},
  timestamp = {2011.01.26}
}

@book{Beck:2004:EPE:1076267,
 author = {Kent Beck and Cynthia Andres},
 title = {Extreme Programming Explained: Embrace Change (2nd Edition)},
 year = {2004},
 isbn = {0321278658},
 publisher = {Addison-Wesley Professional},
} 

@book{Clayberg:2008:EP:1496383,
 author = {Eric Clayberg and Dan Rubel},
 title = {Eclipse Plug-ins},
 year = {2008},
 isbn = {0321553462, 9780321553461},
 edition = {3},
 publisher = {Addison-Wesley Professional},
} 

@MANUAL{AToM3,
  title = {{Project Web Site}},
  author = {{AToM$^3$: A Tool for Multi-formalism and Meta-Modelling}},
  note = {\url{http://atom3.cs.mcgill.ca/}},
  owner = {obe},
  timestamp = {2011.01.27}
}

@MANUAL{DPF_web,
  title = {{Project Web Site}},
  author = {{DPF: Diagram Predicate Framework}},
  note = {\url{http://dpf.hib.no/}},
  owner = {obe},
  timestamp = {2011.01.27}
}

@MANUAL{GME,
  title = {{Project Web Site}},
  author = {{GME: Generic Modeling Environment}},
  note = {\url{http://www.isis.vanderbilt.edu/Projects/gme/}},
  owner = {obe},
  timestamp = {2011.01.27}
}

@inbook{Ledeczi_Maroti_Bakay_Karsai_Garrett_Thomason_Nordstrom_Sprinkle_Volgyesi_2001, 
  title={The Generic Modeling Environment}, 
  volume={17}, 
  url={http://www.isis.vanderbilt.edu/sites/default/files/GME2000Overview.pdf}, 
  abstractNote={The Generic Modeling Environment (GME) is a con- figurable toolset that supports the easy creation of domain-specific modeling and program synthesis environments. The primarily graphical, domain-specific models can represent the application and its environment including hardware resources, and their relationship. The models are then used to automatically synthesize the application and/or generate inputs to COTS analysis tools. In addition to traditional signal processing problems, we have applied this approach to tool integration and structurally adaptive systems among other domains. This paper describes the GME toolset and compares it to other similar approaches. A case study is also presented that illustrates the core concepts through an example.}, booktitle={Workshop on Intelligent Signal Processing Budapest Hungary}, publisher={ACM Press}, 
author={Akos Ledeczi and Miklos Maroti and Arpad Bakay and Gabor Karsai and Jason Garrett and Charles Thomason and Greg Nordstrom and Jonathan Sprinkle and Peter Volgyesi}, year={2001}, pages={82-83}}

@inproceedings{Tolvanen:2009:MDU:1639950.1640031,
 author = {Juha-Pekka Tolvanen and Steven Kelly},
 title = {MetaEdit+: defining and using integrated domain-specific modeling languages},
 booktitle = {Proceeding of the 24th ACM SIGPLAN conference companion on Object oriented programming systems languages and applications},
 series = {OOPSLA '09},
 year = {2009},
 isbn = {978-1-60558-768-4},
 location = {Orlando, Florida, USA},
 pages = {819--820},
 numpages = {2},
 url = {http://doi.acm.org/10.1145/1639950.1640031},
 doi = {http://doi.acm.org/10.1145/1639950.1640031},
 acmid = {1640031},
 publisher = {ACM},
 address = {New York, NY, USA},
 keywords = {code generation, domain-specific languages, domain-specific modeling, language workbench, metamodeling},
}

@INPROCEEDINGS{LaraVangheluwe02,
  title = "{Using AToM$^3$ as a Meta-CASE Tool}",
  author = "{Juan De Lara, Hans Vangheluwe}",
  booktitle = "{Proc. 4th International Conference on Enterprise Information Systems}",
  year = "{2002}",
  pages = "{642-649}",
  address = "{Ciudad Real - Spain}",
  month = "{April}",
}

@INPROCEEDINGS{Posse02processingcausal,
    author = {Ernesto Posse and Juan De Lara and Hans Vangheluwe},
    title = {Processing Causal Block Diagrams with Graph Grammars in AToM$^3$},
    booktitle = {In Proceedings of Applied Graph Transformations, AGTâ2002},
    year = {2002},
    pages = {23--34}
}

@book{design_patterns,
    author = {Erich Gamma and Richard Helm and Ralph Johnson and John M. Vlissides},
    day = {10},
    edition = {1},
    howpublished = {Hardcover},
    isbn = {0201633612},
    keywords = {computer, design, four, gang, gof, mathgamespatterns, object, of, oriented, patterns, software},
    month = {November},
    priority = {0},
    publisher = {Addison-Wesley Professional},
    title = {{Design Patterns: Elements of Reusable Object-Oriented Software}},
    url = {http://hillside.net/patterns/DPBook/DPBook.html},
    year = {1994}
}

@article{Seidewitz:2003:MM:942589.942706,
 author = {Ed Seidewitz},
 title = {What do models mean?},
 journal = {IEEE Softw.},
 volume = {20},
 issue = {5},
 month = {September},
 year = {2003},
 issn = {0740-7459},
 pages = {26--32},
 numpages = {7},
 url = {http://portal.acm.org/citation.cfm?id=942589.942706},
 doi = {10.1109/MS.2003.1231147},
 acmid = {942706},
 publisher = {IEEE Computer Society Press},
 address = {Los Alamitos, CA, USA},
} 

@article{Gonzalez-Perez:2007:MSD:1290192.1290209,
 author = {Cesar Gonzalez-Perez and Brian Henderson-Sellers},
 title = {Modelling software development methodologies: A conceptual foundation},
 journal = {J. Syst. Softw.},
 volume = {80},
 issue = {11},
 month = {November},
 year = {2007},
 issn = {0164-1212},
 pages = {1778--1796},
 numpages = {19},
 url = {http://portal.acm.org/citation.cfm?id=1290192.1290209},
 doi = {10.1016/j.jss.2007.02.048},
 acmid = {1290209},
 publisher = {Elsevier Science Inc.},
 address = {New York, NY, USA},
 keywords = {Metamodelling, Modelling, Software development methodologies, Theoretical basis},
}

@book{Foley:1990:CGP:83821,
 author = {James D. Foley and Andries van Dam and Steven K. Feiner and John F. Hughes},
 title = {Computer graphics: principles and practice (2nd ed.)},
 year = {1990},
 isbn = {0-201-12110-7},
 publisher = {Addison-Wesley Longman Publishing Co., Inc.},
 address = {Boston, MA, USA},
}

@article{Hell:1990:CH-:80298.80312,
 author = {Pavol Hell and Jaroslav Ne\v{s}et\v{r}il},
 title = {On the complexity of H-coloring},
 journal = {J. Comb. Theory Ser. B},
 volume = {48},
 issue = {1},
 month = {February},
 year = {1990},
 issn = {0095-8956},
 pages = {92--110},
 numpages = {19},
 url = {http://portal.acm.org/citation.cfm?id=80298.80312},
 doi = {10.1016/0095-8956(90)90132-J},
 acmid = {80312},
 publisher = {Academic Press, Inc.},
 address = {Orlando, FL, USA},
}

@MANUAL{eclipse_platform_API_specification_web,
  title = {{Eclipse Platform API Specification }},
  author = {{Eclipse contributors and others}},
  note = {\url{http://help.eclipse.org/helios/topic/org.eclipse.platform.doc.isv/reference/api/overview-summary.html}},
  owner = {obe},
  timestamp = {2011.01.27}
}

@MANUAL{junit_web,
  title = {{Project Web Site}},
  author = {{JUnit testing framework}},
  note = {\url{http://www.junit.org/}},
  owner = {aronnax},
  timestamp = {2011.01.14}
}

@book{2004:EDU:1407609,
 title = {Eclipse development using the graphical editing framework and the eclipse modeling framework},
 author = {{Bill Moore and David Dean and Anna Gerber and Gunnar Wagenknecht and Philippe Vanderheyden}},
 year = {2004},
 isbn = {0738453161},
 publisher = {IBM Corp.},
 address = {Riverton, NJ, USA},
key = {{$\!\!$}} ,
}

@inproceedings{Hulkko:2005:MCS:1062455.1062545,
 author = {Hulkko, Hanna and Abrahamsson, Pekka},
 title = {A multiple case study on the impact of pair programming on product quality},
 booktitle = {Proceedings of the 27th international conference on Software engineering},
 series = {ICSE '05},
 year = {2005},
 isbn = {1-58113-963-2},
 location = {St. Louis, MO, USA},
 pages = {495--504},
 numpages = {10},
 url = {http://doi.acm.org/10.1145/1062455.1062545},
 doi = {http://doi.acm.org/10.1145/1062455.1062545},
 acmid = {1062545},
 publisher = {ACM},
 address = {New York, NY, USA},
 keywords = {agile software development, empirical software engineering, extreme programming, productivity, software quality},
} 

@article{Arisholm:2007:EPP:1263148.1263514,
 author = {Arisholm, Erik and Gallis, Hans and Dyba, Tore and I.K. Sjoberg, Dag},
 title = {Evaluating Pair Programming with Respect to System Complexity and Programmer Expertise},
 journal = {IEEE Trans. Softw. Eng.},
 volume = {33},
 issue = {2},
 month = {February},
 year = {2007},
 issn = {0098-5589},
 pages = {65--86},
 numpages = {22},
 url = {http://portal.acm.org/citation.cfm?id=1263148.1263514},
 doi = {10.1109/TSE.2007.17},
 acmid = {1263514},
 publisher = {IEEE Press},
 address = {Piscataway, NJ, USA},
 keywords = {Empirical software engineering, pair programming, extreme programming, design principles, control styles, object-oriented programming, software maintainability, quasi-experiment.},
}

@book{Martin:2003:ASD:515230,
 author = {Martin, Robert Cecil},
 title = {Agile Software Development: Principles, Patterns, and Practices},
 year = {2003},
 isbn = {0135974445},
 publisher = {Prentice Hall PTR},
 address = {Upper Saddle River, NJ, USA},
} 

@MANUAL{hudson_web,
  title = {{Project Web Site}},
  author = {{Hudson}},
  note = {\url{http://hudson-ci.org/}},
  owner = {aronnax},
  timestamp = {2011.01.18}
}

@inproceedings{Cleven:2009:DAE:1555619.1555645,
 author = {Anne Cleven and Philipp Gubler and Kai M. H\"{u}ner},
 title = {Design alternatives for the evaluation of design science research artifacts},
 booktitle = {Proceedings of the 4th International Conference on Design Science Research in Information Systems and Technology},
 series = {DESRIST '09},
 year = {2009},
 isbn = {978-1-60558-408-9},
 location = {Philadelphia, Pennsylvania},
 pages = {19:1--19:8},
 articleno = {19},
 numpages = {8},
 url = {http://doi.acm.org/10.1145/1555619.1555645},
 doi = {http://doi.acm.org/10.1145/1555619.1555645},
 acmid = {1555645},
 publisher = {ACM},
 address = {New York, NY, USA},
 keywords = {artifact, design science research, evaluation, framework, morphological analysis},
}


@article{Peffers:2007:DSR:1481765.1481768,
 author = {Ken Peffers and Tuure Tuunanen and Marcus Rothenberger and Samir Chatterjee},
 title = {A Design Science Research Methodology for Information Systems Research},
 journal = {J. Manage. Inf. Syst.},
 volume = {24},
 issue = {3},
 month = {December},
 year = {2007},
 issn = {0742-1222},
 pages = {45--77},
 numpages = {33},
 url = {http://portal.acm.org/citation.cfm?id=1481765.1481768},
 doi = {10.2753/MIS0742-1222240302},
 acmid = {1481768},
 publisher = {M. E. Sharpe, Inc.},
 address = {Armonk, NY, USA},
 keywords = {Case Study, Design Science, Design Science Research, Design Theory, Mental Model, Methodology, Process Model},
}

@incollection {2D_Graphics_with_GEF_and_Zest,
 author = {Vladimir Silva},
 title = "{2D Graphics with GEF and Zest}",
 booktitle = {Practical Eclipse Rich Client Platform Projects},
 publisher = {Apress},
 isbn = {978-1-4302-1828-9},
 keyword = {Computer Science},
 pages = {173-208},
 year = {2009},
}

@book{Shore:2007:AAD:1407480,
 author = {Shore, James and Warden, Shane},
 title = {The art of agile development},
 year = {2007},
 isbn = {9780596527679},
 edition = {First},
 publisher = {O'Reilly},
}

@book{Loughran:2007:AAJ:1407163,
 author = {Loughran, Steve and Hatcher, Erik},
 title = {Ant in action: java development with ant, second edition},
 year = {2007},
 isbn = {9781932394801},
 publisher = {Manning Publications Co.},
 address = {Greenwich, CT, USA},
}

@inproceedings{Reinhard:2006:HLR:1169218.1169329,
 author = {Reinhard, Tobias and Seybold, Christian and Meier, Silvio and Glinz, Martin and Merlo-Schett, Nancy},
 title = {Human-Friendly Line Routing for Hierarchical Diagrams},
 booktitle = {Proceedings of the 21st IEEE/ACM International Conference on Automated Software Engineering},
 year = {2006},
 isbn = {0-7695-2579-2},
 pages = {273--276},
 numpages = {4},
 url = {http://portal.acm.org/citation.cfm?id=1169218.1169329},
 doi = {10.1109/ASE.2006.40},
 acmid = {1169329},
 publisher = {IEEE Computer Society},
 address = {Washington, DC, USA},
}

@MANUAL{opengroup_symlink_web,
  title = {{The Open Group}},
  author = {{Symlink manual page}},
  note = {\url{http://pubs.opengroup.org/onlinepubs/009695399/functions/symlink.html}},
  owner = {aronnax},
  timestamp = {2011.02.02}
}

@INPROCEEDINGS{DeLaraGuerra10,
  author = {Juan de Lara and Esther Guerra},
  title = {{Deep Meta-modelling with MetaDepth}},
  booktitle = {TOOLS 2010: 48$^{th}$ International Conference on Objects, Components,
	Models and Patterns},
  year = {2010},
  editor = {Jan Vitek},
  volume = {6141},
  series = {LNCS},
  pages = {1-20},
  publisher = {Springer},
  doi = {10.1007/978-3-642-13953-6_1},
  isbn = {978-3-642-13952-9},
  location = {M{\'a}laga, Spain},
  owner = {aronnax},
  timestamp = {2011.04.05}
}

@MANUAL{DPFtoSHIPValidator,
  title = {{DPF to SHIP Validator Proof-of-Concept Transformation Engine}},
  author = {{\O}yvind Bech and Dag Viggo Lok{\o}en},
  note = {\url{http://dpf.hib.no/code/transformation/dpf_to_shipvalidator.py}},
  owner = {aronnax},
  timestamp = {2011.01.20}
}

@article{krasner_description_1988,
  author = {G. Krasner and S. Pope},
  interhash = {32ca434b20b5f1ac83179fff77065370},
  intrahash = {ad8853a631d45255514cb6a8d1db8059},
  journal = {Journal of Object Oriented Programming},
  number = 3,
  pages = {26--49},
  title = {A Description of the {Model-View-Controller} User Interface Paradigm in the Smalltalk-80 System},
  url = {http://citeseer.ist.psu.edu/krasner88description.html},
  volume = 1,
  year = 1988,
  keywords = {pending},
  added-at = {2009-12-03T23:52:31.000+0100},
  description = {Interactive app dev BibTeX},
  biburl = {http://www.bibsonomy.org/bibtex/2ad8853a631d45255514cb6a8d1db8059/ekstrand}
}

@INPROCEEDINGS{RutleWolterL06,
  author = {Adrian Rutle and Uwe Wolter and Yngve Lamo},
  title = {{Diagrammatic Software Specifications}},
  booktitle = {NWPT 2006: 18$^{th}$ Nordic Workshop on Programming Theory},
  year = {2006},
  month = {October},
  file = {:./RutleWolterL06.pdf:},
  location = {Reykjavik, Iceland},
  owner = {aronnax},
  timestamp = {2008.10.01}
}

@MANUAL{AWTManual,
  title = {{Abstract Window Toolkit (AWT) (Java SE Documentation)}},
  author = {{Oracle}},
  month = {April},
  year = {2010},
  note = {\url{http://download.oracle.com/javase/6/docs/technotes/guides/awt/}},
  owner = {obe},
  timestamp = {2011.04.28}
}

@book{Zukowski05,
 author = {Zukowski, John},
 title = {The Definitive Guide to Java Swing, Third Edition (Definitive Guide)},
 year = {2005},
 isbn = {1590594479},
 publisher = {Apress},
 address = {Berkely, CA, USA},
} 

@book{Northover:2004:SSW:1405781,
 author = {Northover, Steve and Wilson, Mike},
 title = {Swt: the standard widget toolkit, volume 1},
 year = {2004},
 isbn = {0321256638},
 edition = {First},
 publisher = {Addison-Wesley Professional},
} 

@MANUAL{java_naming_conventions_web,
  title = {{Project Web Site}},
  author = {{Java Naming Conventions}},
  note = {\url{http://www.oracle.com/technetwork/java/codeconventions-135099.html}},
  owner = {obe},
  timestamp = {2011.02.02}
}

@book{Feller:2007:PFO:1212848,
 author = {Feller, Joseph and Fitzgerald, Brian and Hissam, Scott A. and Lakhani, Karim R.},
 title = {Perspectives on Free and Open Source Software},
 year = {2007},
 isbn = {0262562278},
 publisher = {The MIT Press},
}

@article{Myers:2000:PPF:344949.344959,
 author = {Myers, Brad and Hudson, Scott E. and Pausch, Randy},
 title = {Past, present, and future of user interface software tools},
 journal = {ACM Trans. Comput.-Hum. Interact.},
 issue_date = {March 2000},
 volume = {7},
 issue = {1},
 month = {March},
 year = {2000},
 issn = {1073-0516},
 pages = {3--28},
 numpages = {26},
 url = {http://doi.acm.org/10.1145/344949.344959},
 doi = {http://doi.acm.org/10.1145/344949.344959},
 acmid = {344959},
 publisher = {ACM},
 address = {New York, NY, USA},
 keywords = {event languages, interface builders, scripting languages, toolkits, user interface development environments, user interface software},
}

@MANUAL{OMG11UML,
title = {{Unified Modeling Language Specification}},
author = {{Object Management Group}},
month = {May},
year = {2010},
note = {\url{http://www.omg.org/spec/UML/2.3/}},
number = {2.3},
owner = {obe},
timestamp = {2011.04.25}
}

@TECHREPORT{SolheimStolen07,
  author = {Ida Solheim and Ketil StÃ¸len},
  title = {{Technology research explained}},
  year = {2007},
  type = {Technical Report},
  month = {March},
  owner = {obe},
  institution = {SINTEF ICT, Oslo, Norway},
  number = {A313}
}

@article{Denning:1989:CD:63238.63239,
 author = {Comer, Douglas. E. and Gries, David and Mulder, Michael C. and Tucker, Allen and Turner, A. Joe and Young, Paul R.},
 editor = {Denning, Peter J.},
 title = {Computing as a discipline},
 journal = {Commun. ACM},
 volume = {32},
 issue = {1},
 month = {January},
 year = {1989},
 issn = {0001-0782},
 pages = {9--23},
 numpages = {15},
 url = {http://doi.acm.org/10.1145/63238.63239},
 doi = {http://doi.acm.org/10.1145/63238.63239},
 acmid = {63239},
 publisher = {ACM},
 address = {New York, NY, USA},
}

@article{Denning:2005:CSS:1053291.1053309,
 author = {Denning, Peter J.},
 title = {Is computer science science?},
 journal = {Commun. ACM},
 volume = {48},
 issue = {4},
 month = {April},
 year = {2005},
 issn = {0001-0782},
 pages = {27--31},
 numpages = {5},
 url = {http://doi.acm.org/10.1145/1053291.1053309},
 doi = {http://doi.acm.org/10.1145/1053291.1053309},
 acmid = {1053309},
 publisher = {ACM},
 address = {New York, NY, USA},
}

@inproceedings{Dodig-Crnkovic_0446:2002,
   author = {Gordana Dodig-Crnkovic},
   title = {Scientific Methods in Computer Science},
   booktitle = {Conference for the Promotion of Research in IT at New Universities and at University Colleges in Sweden},
   month = {April},
   year = {2002},
   url = {http://www.mrtc.mdh.se/index.php?choice=publications&id=0446},
}

@article{DBLP:journals/jss/Glass95g,
  author    = {Robert L. Glass},
  title     = {A structure-based critique of contemporary computing research},
  journal   = {Journal of Systems and Software},
  volume    = {28},
  number    = {1},
  year      = {1995},
  pages     = {3-7},
  ee        = {http://dx.doi.org/10.1016/0164-1212(94)00077-Z},
}

@article{DBLP:journals/jite/Tedre07,
  author    = {Matti Tedre},
  title     = {Know Your Discipline: Teaching the Philosophy of Computer
               Science},
  journal   = {JITE},
  volume    = {6},
  year      = {2007},
  pages     = {105-122},
  ee        = {http://www.jite.org/documents/Vol6/JITEv6p105-122Tedre266.pdf},
}

@ARTICLE{LengyelLevendovszkyC05,
  author = {L\'{a}szl\'{o} Lengyel and Tiham\'{e}r Levendovszky and Hassan Charaf},
  title = {{Constraint Validation Support in Visual Model Transformation Systems}},
  journal = {Acta Cybernetica},
  year = {2005},
  volume = {17},
  pages = {339--357},
  number = {2},
  file = {:./LengyelLevendovszkyC05.pdf:},
  owner = {aru},
  timestamp = {2009.10.04}
}

@INPROCEEDINGS{RutleRossiniLW10FASE,
  author = {Adrian Rutle and Alessandro Rossini and Yngve Lamo and Uwe Wolter},
  title = {{A Formalisation of Constraint-Aware Model Transformations}},
  booktitle = FASE10,
  year = {2010},
  editor = {David Rosenblum and Gabriele Taentzer},
  volume = {6013},
  series = LNCS,
  pages = {13-28},
  publisher = {Springer},
  doi = {10.1007/978-3-642-12029-9_2},
  file = {:./RutleRossiniLW10FASE.pdf:},
  isbn = {978-3-642-12028-2},
  location = {Paphos, Cyprus},
  owner = {aronnax},
  timestamp = {2009.02.19}
}

@inproceedings{France:2007:MDC:1253532.1254709,
 author = {France, Robert and Rumpe, Bernhard},
 title = {Model-driven Development of Complex Software: A Research Roadmap},
 booktitle = {2007 Future of Software Engineering},
 series = {FOSE '07},
 year = {2007},
 isbn = {0-7695-2829-5},
 pages = {37--54},
 numpages = {18},
 url = {http://dx.doi.org/10.1109/FOSE.2007.14},
 doi = {http://dx.doi.org/10.1109/FOSE.2007.14},
 acmid = {1254709},
 publisher = {IEEE Computer Society},
 address = {Washington, DC, USA},
}

@INPROCEEDINGS{Models11,
  author = {{\O}yvind  Bech and Adrian Rutle and Yngve Lamo and Alessandro Rossini},
  title = {{DPF Editor: A Multi-Layer Diagrammatic (Meta)Modelling Environment}},
  note = {Submitted to MODELS 2011: International Conference on Model Driven Engineering Languages and Systems},
  owner = {obe},
  timestamp = {2011.04.30}
}

@MANUAL{apache_ant,
  title = {{Project Web Site}},
  author = {{Apache Ant}},
  note = {\url{http://ant.apache.org/}},
  owner = {obe},
  timestamp = {2011.05.30}
}

@MANUAL{vmts_web,
  title = {{Project Web Site}},
  author = {{VMTS}},
  note = {\url{http://www.aut.bme.hu/Portal/Vmts.aspx}},
  owner = {obe},
  timestamp = {2011.05.30}
}

@INPROCEEDINGS{Kolovos06theepsilon,
    author = {Dimitrios S. Kolovos and Richard F. Paige and Fiona A. C. Polack},
    title = {The Epsilon Object Language (EOL},
    booktitle = {In: Proceedings European Conference in Model Driven Architecture (EC-MDA) 2006},
    year = {2006},
    pages = {128--142},
    publisher = {Springer}
}

@ARTICLE{Chen:1976:EMU:320434.320440,
 author = {Chen, Peter Pin-Shan},
 title = {The entity-relationship model toward a unified view of data},
 journal = {ACM Trans. Database Syst.},
 issue_date = {March 1976},
 volume = {1},
 issue = {1},
 month = {March},
 year = {1976},
 issn = {0362-5915},
 pages = {9--36},
 numpages = {28},
 url = {http://doi.acm.org/10.1145/320434.320440},
 doi = {http://doi.acm.org/10.1145/320434.320440},
 acmid = {320440},
 publisher = {ACM},
 address = {New York, NY, USA},
 keywords = {Data Base Task Group, data definition and manipulation, data integrity and consistency, data models, database design, entity set model, entity-relationship model, logigcal view of data, network model, relational model, semantics of data},
}

@ARTICLE{Dahl:1966:SAS:365813.365819,
 author = {Dahl, Ole-Johan and Nygaard, Kristen},
 title = {SIMULA: an ALGOL-based simulation language},
 journal = {Commun. ACM},
 volume = {9},
 issue = {9},
 month = {September},
 year = {1966},
 issn = {0001-0782},
 pages = {671--678},
 numpages = {8},
 url = {http://doi.acm.org/10.1145/365813.365819},
 doi = {http://doi.acm.org/10.1145/365813.365819},
 acmid = {365819},
 publisher = {ACM},
 address = {New York, NY, USA},
}

@MANUAL{liftweb,
  title = {{Web Site}},
  author = {{Lift Web Framework}},
  note = {\url{http://www.liftweb.net/}},
}

@MANUAL{django,
  title = {{Web Site}},
  author = {{Django Project}},
  note = {\url{http://www.djangoproject.com/}},
}

@MANUAL{grails,
  title = {{Project Web Site}},
  author = {{Grails}},
  note = {\url{http://grails.org/}},
}

@MANUAL{playframework,
  title = {{Project Web Site}},
  author = {{Play Framework}},
  note = {\url{http://www.playframework.org/}},
}

@MANUAL{acceleo,
  title = {{Project Web Site}},
  author = {{Acceleo}},
  note = {\url{http://www.eclipse.org/acceleo/}},
}

@MANUAL{xpand,
  title = {{Project Web Site}},
  author = {{Xpand}},
  note = {\url{http://wiki.eclipse.org/Xpand}},
}

@MISC{eclipsem2t,
  title = {{Project Web Site}},
  author = {{Eclipse M2T Project}},
  note = {\url{http://www.eclipse.org/modeling/m2t/}},
}

@INPROCEEDINGS{dpf_editor_article,
  author = {{\O}yvind  Bech, Adrian Rutle, Yngve Lamo, Florian Mantz and Xiaoliang Wang},
  title = {{DPF Editor: A Multi-Layer Diagrammatic (Meta)Modelling Environment}},
  booktitle = {SPLST 2011: 12th Symposium on Programming Languages and Software Tools},
  year = {2011},
  month = {October},
  timestamp = {2011.04.30}
}

@MISC{eclipse_whitepaper,
  author = {International Business Machines Corp.},
  title = {Eclipse Platform Technical Overview},
  year = {2006}
}

@book{herrington:codegeneration,
    author = {Herrington, Jack},
    edition = {Revised},
    howpublished = {Paperback},
    isbn = {1930110979},
    keywords = {code\_generators, dsl},
    month = jul,
    posted-at = {2010-07-20 07:59:49},
    priority = {4},
    publisher = {Manning Publications},
    title = {{Code Generation in Action}},
    year = {2003}
}

@book{tolvanen:dsm,
    author = {Kelly, Steven and Tolvanen, Juha-Pekka},
    day = {07},
    howpublished = {Paperback},
    isbn = {0470036664},
    keywords = {dsl, dsm, code\_generation},
    month = mar,
    posted-at = {2008-11-13 11:50:10},
    priority = {2},
    publisher = {Wiley-IEEE Computer Society Pr},
    title = {{Domain-Specific Modeling: Enabling Full Code Generation}},
    year = {2008}
}

@book{fowler2010domain,
  title={Domain-specific languages},
  author={Fowler, M. and Parsons, R.},
  isbn={9780321712943},
  lccn={2010026229},
  series={Addison Wesley Signature Series},
  url={http://books.google.no/books?id=ri1muolw\_YwC},
  year={2010},
  publisher={Addison-Wesley}
}

@MASTERSTHESIS{Bech11,
  author = {{\O}yvind Bech},
  title = {{DPF Editor -- A Multi-Layer Modelling Environment for Diagram Predicate Framework in Eclipse}},
  school = {Department of Informatics, University of Bergen},
  year = {2011},
  address = {Norway},
  month = {May},
}

@article{cook:domainspecificide,
 author = {Cook, Steve and Kent, Stuart},
 title = {The Domain-Specific IDE},
 journal = {UPGRADE},
 volume = {IX},
 issue = {2},
 month = {April},
 year = {2008},
 pages = {17--22},
 numpages = {5},
 publisher = {CEPIS},
}

@MANUAL{MOFM2T,
  title = {{MOF Model to Text Transformation Language Specification}},
  author = {{Object Management Group}},
  month = {January},
  year = {2008},
  note = {\url{http://www.omg.org/spec/MOFM2T/}},
  number = {1.0},
  timestamp = {2009.01.06}
}

@MANUAL{xtend2,
  title = {{Project Web Site}},
  author = {{Eclipse Xtend}},
  note = {\url{http://www.eclipse.org/xtend/}}
}

@MISC{itemis,
  title = {{Company Web Site}},
  author = {{Itemis}},
  note = {\url{http://www.itemis.com}},
}

@MISC{efftinge_blog,
  title = {{Sven Efftinge's Blog}},
  author = {{Sven Efftinge}},
  note = {\url{http://blog.efftinge.de/2010/12/xtend-2-successor-to-xpand.html}}
}

@MISC{xtext,
  title = {{Project Web Site}},
  author = {{Eclipse Xtext}},
  note = {\url{http://www.eclipse.org/Xtext/}}
}

@MISC{xtend_codegen,
  title = {{Xtext/Xtend Documentation Code Generator Example}},
  author = {{Eclipse Xtext}},
  note = {\url{http://www.eclipse.org/Xtext/documentation/2_1_0/040-first-code-generator.php}}
}

@MISC{metacase,
  title = {{Company Web Site}},
  author = {{MetaCase}},
  note = {\url{http://www.metacase.com/}}
}

@MISC{trac,
  title = {{Trac Project Web Site}},
  author = {{Edgewall Software}},
  note = {\url{http://trac.edgewall.org/}}
}

@MISC{mercurial,
  title = {{Project Web Site}},
  author = {{Mercurial}},
  note = {\url{http://mercurial.selenic.com/}}
}

@MANUAL{oprrmanual,
  title = {{MetaEdit+ Manual}},
  author = {{MetaCase}},
  note = {\url{http://www.metacase.com/support/45/manuals/mwb/Mw.html}},
}

@MANUAL{obeodesigner,
  title = {{Obeo Designer Product Web Page}},
  author = {{Obeo}},
  note = {\url{http://www.obeodesigner.com/}},
}

@MANUAL{reflection_tutorial,
  title = {{Reflection Tutorial}},
  author = {{IBM}},
  note = {\url{http://www.ibm.com/developerworks/library/j-dyn0603/}},
}

@PHDTHESIS{rossini_thesis_2011,
   author = {Alessandro Rossini},
   title = {{Diagram Predicate Framework meets Model Versioning and Deep Metamodelling}},
   school = {Department of Informatics, University of Bergen, Norway},
   type = "{PhD} Dissertation",
   year = {2011},
}

@MISC{lwc,
  title = {{Competition Web Site}},
  author = {{Language Workbench Competition}},
  note = {\url{http://www.languageworkbenches.net/index.php?title=Main_Page}}
}

@MISC{l4j,
  title = {{Project Web Site}},
  author = {{Apache log4j}},
  note = {\url{http://logging.apache.org/log4j/}}
}

@MISC{eclipse_forums,
  title = {{Community Forums}},
  author = {{Eclipse}},
  note = {\url{http://www.eclipse.org/forums/}}
}

@INPROCEEDINGS{Vis08,
  author = {Eelco Visser},
  title = {{WebDSL}: {A} Case Study in Domain-Specific Language
  Engineering},
  booktitle = {Generative and Transformational Techniques in
  Software Engineering (GTTSE 2007)},
  publisher = {Springer},
  year = 2008,
  editor = {R. Lammel and J. Saraiva and J. Visser},
  series = {Lecture Notes in Computer Science}
}

@incollection {uwe4jsf,
   author = {Kroiss, Christian and Koch, Nora and Knapp, Alexander},
   affiliation = {Ludwig-Maximilians-UniversitÃ¤t MÃ¼nchen, Germany},
   title = {UWE4JSF: A Model-Driven Generation Approach for Web Applications},
   booktitle = {Web Engineering},
   series = {Lecture Notes in Computer Science},
   editor = {Gaedke, Martin and Grossniklaus, Michael and DÃ­az, Oscar},
   publisher = {Springer Berlin / Heidelberg},
   isbn = {978-3-642-02817-5},
   keyword = {Computer Science},
   pages = {493-496},
   volume = {5648},
   url = {http://dx.doi.org/10.1007/978-3-642-02818-2\_46},
   note = {10.1007/978-3-642-02818-2\_46},
   year = {2009}
}